1846 3262
441 313 463 340 2
476 312 490 340 1
502 311 526 340 2
990 306 1026 337 8.
1061 304 1257 336 nunnoni

434 382 868 444 charitatem-dilexit.
892 381 1022 426 fidem
1037 382 1253 442 suscepit,
1275 381 1562 426 humilitatem
1582 380 1794 441 probavit.

492 454 657 500 XXIX.
693 453 748 496 Et
774 461 821 497 tu
846 453 880 497 si
908 454 1126 497 desideras
1147 454 1353 512 gratiam,
1377 453 1630 497 charitatem
1654 465 1761 510 auge
1786 466 1798 495 τ

436 527 559 570 mitte
580 526 623 568 in
647 539 802 583 corpus
823 523 927 567 Jesu
945 523 1074 567 fidem
1093 524 1434 575 resurrectionis,
1455 523 1636 567 odorem
1657 522 1817 583 Eccle3

436 600 506 641 siae
523 632 534 647 ,
558 595 800 640 communis
824 595 1044 638 charitatis
1067 603 1359 653 unguentum:
1377 603 1420 639 et
1441 595 1499 639 ita
1522 592 1804 654 progrediens

435 667 614 727 pauperi
636 666 771 710 dabis.
799 666 897 709 Plus
921 666 997 709 tibi
1016 667 1200 724 pecunia
1217 667 1287 709 illa
1308 666 1526 724 proderit,
1544 665 1579 709 si
1599 680 1686 710 non
1707 672 1805 708 tan-

436 754 564 797 quam
582 738 828 780 assluentem
845 736 1023 786 tribuas,
1045 738 1120 779 sed
1137 745 1341 794 tanquam
1358 735 1628 794 profuturam
1646 734 1806 779 Christi

437 810 612 852 nomine
631 808 824 866 largiaris
850 823 860 849 :
884 808 919 850 si
940 807 996 850 ita
1020 822 1114 850 eam
1137 808 1331 850 conseras
1352 807 1551 866 pauperi,
1574 814 1623 850 ut
1637 806 1807 851 *deseras

440 880 628 923 Christo.
667 878 761 923 Non
788 893 889 936 ergo
921 878 1041 935 juxta
1071 877 1258 921 litteram
1291 878 1594 922 tantummodo
1625 877 1808 937 accipias

440 949 714 1009 superfusum
738 948 869 1007 capiti
894 955 1164 1006 unguentum
1184 963 1194 991 ε
1219 966 1235 988 ι
1253 948 1412 993 Littera
1429 949 1545 994 enim
1566 947 1798 1000 oecidit¹31=

442 1023 517 1065 sed
539 1020 779 1064 secundum
801 1020 998 1079 spiritum
1013 1052 1024 1068 ,
1045 1019 1144 1077 quia
1166 1020 1337 1078 spiritus
1353 1021 1437 1063 vita
1454 1028 1532 1064 est.

502 1092 645 1136 XXX.
685 1090 815 1143 Quod
832 1106 934 1148 ergo
953 1089 1074 1133 istius
1093 1090 1286 1134 mulieris
1308 1099 1576 1148 unguentum
1593 1090 1685 1134 est?
1701 1089 1811 1143 Quis

439 1163 523 1206 hoc
541 1162 688 1205 audire
704 1160 874 1220 potest?
895 1160 1000 1213 Quis
1019 1161 1123 1204 tales
1140 1175 1263 1204 aures
1281 1161 1428 1211 habet,
1448 1170 1497 1206 ut
1516 1161 1688 1206 dicente
1705 1159 1812 1204 Jesu

439 1234 619 1277 verbum
642 1233 760 1291 quod
781 1231 948 1289 accepit
974 1247 996 1274 a
1019 1232 1172 1282 Patre,
1199 1232 1286 1274 imo
1309 1232 1383 1290 qui
1404 1232 1495 1290 ipse
1514 1231 1705 1276 Verbum
1726 1239 1809 1283 est,

442 1304 574 1363 possit
595 1312 756 1347 tantam
773 1302 965 1360 mysterii
981 1302 1252 1345 altitudinem
1268 1318 1422 1361 capere
1435 1302 1746 1362 i'Et-Discipuli
1760 1316 1813 1345 ex

442 1383 564 1434 parte
599 1374 867 1431 intelligunt,
902 1373 980 1415 etsi
1013 1387 1100 1415 non
1132 1381 1272 1415 totum
1312 1373 1566 1432 intelligant.
1601 1373 1723 1416 Unde
1769 1379 1815 1415 et

440 1435 614 1504 quidam
629 1452 781 1503 putant
793 1443 947 1486 dixisse
956 1443 1200 1500 Discipulos
1214 1444 1422 1501 unguenti
1434 1443 1572 1502 pretio
1580 1443 1666 1487 emi
1683 1441 1814 1486 fidem

451 1517 643 1576 gentium
664 1515 862 1558 debuisse
876 1547 886 1562 ‚
904 1529 1000 1572 quae
1015 1514 1232 1572 sanguinis
1247 1515 1466 1558 Dominici
1490 1523 1655 1559 tantum
1675 1513 1814 1573 pretio

449 1586 711 1635 debebatur:
755 1586 872 1642 quod
909 1584 1079 1626 videtur
1115 1584 1359 1627 verisimile.
1401 1584 1596 1642 Denique
1627 1583 1816 1627 Joanues

448 1657 703 1715 evangelista
741 1654 908 1697 inducit
941 1669 1139 1697 sermone
1164 1654 1288 1697 Judae
1318 1655 1531 1698 Iscariotis
1559 1654 1815 1698 aestimatum

449 1726 649 1770 trecentis
674 1725 858 1769 denariis
880 1725 986 1767 illud
1008 1733 1298 1783 unguentum,
1331 1725 1444 1768 sicut
1464 1725 1597 1769 habes
1614 1739 1627 1767 ε
1643 1723 1818 1768 -potuit

449 1816 464 1837 n
479 1797 593 1839 enim
609 1795 861 1839 venumdari
876 1795 1077 1838 trecentis
1091 1795 1290 1845 denariis,
1310 1803 1354 1838 et
1365 1795 1456 1838 dari
1473 1793 1774 1854 pauperibus’.
1788 1811 1805 1834 ι

448 1867 658 1910 Trecenta
683 1874 826 1909 autem
846 1880 929 1908 aera
953 1864 1094 1908 crucis
1114 1865 1279 1923 insigne
1300 1866 1523 1909 declarant
1544 1881 1556 1909 t
1573 1866 1653 1909 sed
1672 1863 1818 1910 Domi-

450 1952 531 1980 nus
553 1952 637 1980 non
650 1936 988 1995 perfunctoriam
1008 1936 1200 1994 mysterii
1217 1936 1529 1994 praescientiam
1542 1935 1718 1996 quaerit,
1741 1934 1819 1980 sed

453 2006 707 2066 consepeliri
728 2007 771 2050 in
790 2022 835 2050 se
856 2005 986 2049 fidem
1009 2007 1279 2050 credentium
1304 2009 1483 2052 mavult.

515 2077 680 2122 XXXI.
718 2078 769 2120 Id
790 2086 935 2120 tamen
958 2078 1011 2119 de
1032 2086 1287 2121 caeterorum
1309 2078 1616 2136 Apostolorum
1642 2077 1819 2122 vocibus

455 2147 730 2205 intelligimus
750 2162 760 2189 τ
783 2147 809 2189 J
814 2148 917 2190 udas
933 2155 1075 2189 autem
1098 2148 1412 2191 condemnatur
1433 2148 1617 2192 avaritiae
1632 2182 1643 2197 .
1661 2148 1737 2206 qui
1749 2163 1823 2208 pe-

455 2218 626 2261 cuniam
642 2217 879 2262 Dominicae
901 2218 1088 2276 praetulit
1105 2219 1351 2277 sepulturae,
1370 2219 1443 2278 qui
1465 2219 1633 2263 etiamsi
1650 2221 1704 2264 de
1722 2233 1822 2278 pas-

456 2290 574 2333 sione
587 2289 734 2340 sensit,
750 2289 905 2333 erravit
925 2298 1011 2332 tam
1023 2289 1151 2333 chara
1168 2290 1367 2334 auctione
1390 2307 1401 2332 :
1421 2291 1494 2335 vili
1515 2292 1607 2335 vult
1623 2289 1823 2335 aestimari

444 2359 499 2403 ’se
526 2359 718 2403 Christus
733 2393 744 2409 ,
775 2368 822 2402 ut
844 2360 895 2402 ab
918 2360 1120 2404 omuibus
1148 2369 1342 2411 ematur,
1370 2376 1424 2404 ne
1443 2361 1538 2419 quis
1559 2375 1722 2421 pauper
1743 2361 1822 2404 de-

454 2438 678 2475 terreatur.
698 2429 893 2481 «Gratis;
915 2430 1077 2488 inquit,
1112 2431 1335 2489 accepistis
1350 2464 1360 2480 ‚
1393 2431 1526 2490 gratis
1554 2430 1731 2476 date⁸.··
1746 2429 1825 2475 Pe-

454 2500 625 2543 cuniam
646 2500 905 2558 nou quaerit
927 2499 1169 2543 divitiarum
1192 2501 1388 2551 altitudo,
1408 2502 1484 2545 sed
1506 2501 1701 2561 gratiam.
1727 2500 1823 2559 lpse

456 2585 534 2615 nos
571 2570 758 2630 pretioso
793 2571 1000 2628 sanguine
1033 2571 1215 2614 redemit
1228 2604 1239 2621 ,
1279 2587 1368 2615 non
1407 2571 1613 2618 vendidit.
1638 2570 1703 2617 De
1737 2582 1824 2630 quo

499 2668 511 2686 ¹
529 2673 546 2694 a
562 2661 641 2696 Cor.
658 2673 706 2700 nr,
720 2662 753 2695 6.
772 2680 811 2688 --v
831 2673 842 2688 ¹
868 2663 963 2695 Joan.
981 2673 1040 2701 χιι,
1058 2663 1090 2695 5.
1111 2681 1150 2688 -
1167 2663 1182 2687 ³
1200 2663 1319 2697 Manli.
1336 2674 1368 2701 ι,
1385 2663 1420 2699 8·
