1846 3262
419 315 504 370 tol,
962 326 994 363 s.
1034 328 1227 365 Amnnosit

412 408 529 452 mino
560 408 612 452 ad
639 408 837 454 Ezechiel
861 425 871 454 ε
895 409 1076 456 «Plaude
1107 427 1261 462 manu,
1294 419 1338 456 et
1370 419 1548 471 percute
1583 408 1769 471 pede¹3s

412 494 552 536 neque
572 478 684 523 enim
701 478 970 526 histrionicos
985 481 1087 526 fluxi
1105 481 1295 540 corporis
1312 490 1454 526 motus
1469 483 1586 527 Deus
1605 497 1778 527 morum

411 565 562 593 censor
583 550 791 609 exigeret,
817 562 889 597 aut
905 553 1130 597 indecoros
1151 553 1340 611 crepitus
1361 553 1482 604 viris,
1512 555 1774 612 plaususque

411 618 632 663 soemineos
654 620 904 681 imperaret;
934 632 983 666 ut
1005 631 1174 666 tantum
1190 622 1449 681 Prophetam
1474 624 1708 668 deduceret
1724 622 1777 666 nd

406 689 591 733 ludibria
606 691 891 746 scenicorum,
907 701 951 737 et
966 692 1109 736 mollia
1126 692 1513 738 foeminarum.Non
1531 702 1776 753 congruunt

411 761 734 805 resurrectionis
759 763 941 806 revelata
963 763 1189 822 mysteria,
1220 771 1262 807 et
1284 763 1514 827 opprobria
1544 763 1776 807 saltationis
1843 807 1846 810 Α

410 839 569 874 exacta.
593 830 703 875 Sane
724 841 788 876 est
804 833 977 891 quidam
995 833 1194 892 proprius
1210 833 1426 877 bonorum
1449 834 1626 877 actuum
1645 833 1776 877 sacto·

407 915 588 958 rumque
621 903 821 960 plausus,
854 903 977 962 cujus
1003 919 1132 947 sonus
1161 903 1205 947 in
1229 904 1382 947 orbem
1411 912 1557 955 exeat,
1588 912 1634 948 et
1662 903 1774 946 benc

406 980 621 1029 gestorum
638 976 814 1018 resultet
826 975 974 1032 gloria.
995 975 1049 1027 Et
1064 975 1243 1019 honesta
1260 975 1443 1025 saltatio,
1463 990 1548 1033 qua
1564 975 1772 1035 tripudiat

407 1042 588 1093 animus,
614 1053 658 1088 et
678 1045 800 1088 bonis
817 1061 972 1105 corpus
988 1041 1189 1105 operibus
1206 1048 1421 1097 elevatur-3
1445 1047 1618 1105 quando
1645 1045 1689 1090 in
1709 1061 1771 1089 sa·

403 1111 557 1158 licibus
584 1130 740 1174 organa
757 1124 900 1160 nostra
921 1117 1235 1175 suspendimus.

461 1184 536 1229 IX.
571 1184 757 1229 Jubetur
785 1202 885 1245 ergo
914 1186 1121 1245 propheta
1145 1186 1352 1246 plaudere
1372 1201 1520 1237 manu,
1549 1194 1594 1230 et
1616 1199 1770 1245 percu-

401 1263 490 1298 tere
509 1256 618 1314 pede
633 1256 832 1314 :jubetur
854 1259 1058 1316 psallere3
1081 1257 1179 1316 quia
1201 1257 1344 1316 sponsi
1367 1257 1536 1317 nuptias
1550 1256 1770 1315 jamvide-

397 1326 487 1375 bat,
515 1327 557 1369 in
584 1327 740 1384 quibus
763 1330 1045 1387 desponsatur
1070 1328 1279 1378 Ecclesia,
1306 1329 1500 1373 Christus
1527 1329 1763 1372 adamatur.

397 1396 450 1438 Et
467 1397 587 1440 bonae
605 1398 778 1456 nuptiae,
797 1401 968 1456 quando
986 1399 1128 1443 Verbo
1149 1400 1307 1450 anima,
1325 1399 1493 1459 spiritui
1507 1407 1607 1442 caro
1622 1398 1761 1441 nubit.

395 1466 443 1509 In
470 1467 535 1510 his
563 1468 771 1528 propheta
793 1469 929 1513 David
951 1470 1110 1528 nuptiis
1139 1471 1290 1514 ludere
1315 1485 1395 1515 nos
1425 1470 1575 1525 voluit,
1605 1469 1659 1513 ad
1688 1469 1765 1512 has

395 1537 610 1589 invitavit;
650 1540 747 1597 quia
784 1555 882 1584 suos
918 1549 1114 1598 posteros
1150 1541 1463 1600 copulabat:et
1495 1541 1595 1584 ideo
1627 1539 1766 1584 laetior

392 1624 518 1666 quam
546 1609 703 1658 caeteri,
735 1611 854 1667 quasi
883 1610 924 1653 in
948 1610 1039 1668 ipso
1066 1620 1164 1654 actu
1188 1611 1436 1669 nuptiarum
1471 1611 1651 1669 positus,
1684 1624 1764 1653 uos

391 1680 443 1721 ad
472 1679 764 1722 celebritatem
792 1679 886 1722 sesti
909 1680 1100 1723 muneris
1131 1680 1384 1724 adhortatur
1405 1680 1553 1724 dicens
1572 1695 1583 1721 ε
1600 1697 1617 1720 ι
1635 1679 1764 1723 Exul-

388 1758 503 1793 »tatc
533 1751 622 1794 Deo
656 1750 840 1808 adjutori
872 1760 1044 1801 nostro,
1079 1752 1257 1808 jubilate
1283 1752 1375 1795 Deo
1403 1751 1556 1795 Jacob.
1594 1750 1762 1795 Sumite

340 1833 346 1839 ·
388 1841 403 1861 »
419 1823 644 1880 psalmum,
669 1831 712 1865 ct
734 1822 830 1865 date
847 1831 1117 1880 tympanum,
1137 1822 1383 1881 psalterium
1400 1822 1640 1879 jucundum
1658 1837 1760 1865 cum

388 1891 619 1939 »cithara².
651 1911 666 1933 n
688 1893 837 1936 Nonne
872 1902 1013 1936 aetum
1052 1895 1281 1951 quemdam
1311 1893 1534 1952 Prophetae
1566 1893 1757 1936 saltantis

389 1962 598 2005 advertis?
621 1963 815 2020 Denique
836 1964 934 2006 alibi
957 1979 1000 2005 :«
1017 1965 1196 2007 Psallam
1219 1963 1296 2007 tibi
1314 1964 1355 2006 in
1374 1963 1556 2014 cithara,
1584 1970 1760 2006 sanctus

385 2035 557 2077 »IsraeL
598 2033 858 2077 Gaudebunt
893 2034 1004 2077 labia
1047 2050 1141 2078 mea
1179 2049 1279 2077 cum
1315 2042 1546 2077 cantavero
1583 2033 1677 2083 tibi,
1714 2042 1759 2076 et

384 2105 554 2148 »anima
597 2120 691 2148 mea
736 2121 864 2162 quam
902 2104 1166 2148 redemisfi’.
1199 2104 1372 2148 »Audis
1413 2103 1759 2148 citharizantium

379 2191 522 2227 voces,
547 2175 664 2219 audis
686 2176 930 2220 saltantium
953 2176 1173 2236 crepitus?
1192 2175 1370 2234 Nuptias
1396 2175 1542 2219 crede.

438 2245 494 2290 X.
532 2246 664 2289 Sume
693 2254 736 2290 et
763 2254 811 2289 tu
839 2246 1073 2296 citharam,
1106 2255 1155 2289 ut
1184 2246 1348 2304 pulsata
1379 2244 1554 2304 spiritus
1589 2246 1755 2305 plectro

379 2315 631 2359 interiorum
662 2316 822 2361 chorda
845 2331 1068 2367 venarum,
1101 2316 1205 2360 boni
1240 2315 1381 2374 operis
1408 2329 1562 2359 sonum
1584 2315 1747 2359 reddat.

376 2386 509 2430 Sume
549 2387 816 2446 psalterium,
854 2395 902 2430 ut
939 2386 1163 2431 harmonia
1200 2387 1414 2430 dictorum
1457 2386 1755 2446 factorumque

373 2466 549 2511 tuorum
567 2457 781 2501 concinat.
814 2457 947 2502 Sume
977 2467 1245 2516 tympanum.
1272 2466 1320 2500 ut
1339 2471 1548 2515 organum
1573 2454 1636 2500 tui
1659 2469 1752 2498 cor-

365 2528 481 2587 poris
509 2529 680 2587 spiritus
709 2529 956 2572 moduletur
986 2527 1167 2571 interior
1186 2560 1197 2577 ,
1230 2527 1441 2585 factisque
1469 2525 1750 2587 operantibus

367 2600 505 2647 dulcis
531 2614 701 2645 morum
734 2608 906 2644 tuorum
929 2599 1117 2644 suavitas
1138 2598 1414 2658 exprimatur.
1441 2598 1513 2644 Sic
1534 2597 1746 2659 psallebat

422 2702 431 2724 ο
449 2693 567 2732 Ezech.
585 2703 620 2727 vi
638 2703 704 2735 ,ιι.
719 2710 761 2721 ·-·
777 2702 792 2734 9
810 2692 898 2730 Psoi.
913 2703 1010 2735 tux,
1028 2703 1059 2733 n,
1079 2692 1114 2731 3.
1130 2710 1172 2720 —
1189 2694 1204 2720 ⁸
1219 2692 1305 2730 Psoi.
1323 2703 1403 2735 ux,
1420 2703 1475 2734 aa,
1493 2691 1544 2727 25.

1843 2572 1846 2633 ι
