1800 3268
393 294 451 352 96
946 307 979 336 ι.
1019 306 1214 336 Αυιιιοειι

391 395 523 436 coste,
545 384 667 442 cujus
691 382 913 427 Matthaeus
936 394 1108 429 secutus
1128 394 1192 429 est
1212 384 1407 445 gratiam,
1428 385 1528 430 satis
1545 379 1760 447 superque
1796 398 1800 403 ·

390 471 616 502 numerum
642 455 870 514 mysticum
894 457 1189 514 prodiderunt.

449 527 583 572 XVII.
615 526 812 584 Plerique
844 525 973 570 etiam
1006 528 1217 571 mirantur
1248 543 1326 571 cur
1352 527 1540 573 Thamar
1569 517 1761 573 mulieris

391 599 578 648 samosae,
606 607 652 641 ut
673 597 754 640 illis
774 598 957 648 videtur,
993 597 1214 641 Matthaeus
1241 599 1693 642 commemorationem
1717 598 1762 642 in

392 669 613 714 Dominica
641 668 915 727 generatione
940 670 1250 711 contexendam
1274 664 1498 728 putaverit.
1524 668 1613 712 Cur
1633 669 1762 712 etiam

390 743 523 792 Ruth,
552 756 629 784 cur
659 741 751 797 ejus
781 755 953 798 quoque
978 740 1166 782 mulieris
1198 755 1292 797 quae
1321 740 1430 783 Urioe
1459 755 1566 784 uxor
1596 739 1690 791 suit,
1719 747 1763 784 et

392 814 534 857 occiso
558 811 738 860 marito,
763 810 804 852 iu
826 809 963 852 David
986 809 1157 867 nuptias
1184 809 1506 868 commigravit3
1531 824 1629 853 cum
1653 823 1764 868 prae·

393 885 535 929 sertim
567 882 719 930 Sarrae,
747 888 790 922 ct
810 879 1035 929 Rebeccae,
1059 887 1101 922 et
1125 878 1286 923 Rachel
1313 888 1559 922 sanctarum
1580 878 1763 922 semina-

395 971 494 1000 rum
512 967 721 1011 nusquam
738 950 891 994 fecerit
902 951 1178 994 mentionem.
1204 951 1275 994 Sic
1292 951 1406 994 enim
1424 951 1556 994 habes
1572 966 1582 994 ε
1599 967 1616 990 ι
1632 950 1764 994 Abra-

393 1029 521 1071 »ham
535 1025 682 1085 genuit
698 1024 831 1071 Isaac,
849 1022 964 1064 Isaac
976 1022 1122 1080 genuit
1133 1023 1283 1070 Jacob,
1294 1022 1431 1066 Jacob
1449 1023 1596 1081 genuit
1610 1022 1763 1065 Iudam

394 1119 410 1141 n
425 1108 467 1142 ct
490 1098 639 1141 fratres
659 1094 776 1152 ejus:
793 1092 921 1135 Judas
945 1101 1088 1135 autem
1112 1093 1259 1151 genuit
1278 1093 1436 1136 Phares
1464 1101 1507 1135 et
1529 1091 1682 1150 Zaram
1712 1105 1766 1135 ex

393 1191 409 1211 »
423 1158 650 1213 Thamar¹.
672 1184 688 1205 ι
702 1164 794 1208 Non
818 1163 952 1206 otiose
973 1164 1114 1220 itaque
1138 1163 1266 1221 hujus
1289 1162 1478 1206 mulieris
1498 1162 1765 1225 Evangeli'sm

395 1254 554 1285 nomen
583 1234 788 1284 inseruit,
821 1235 874 1276 de
910 1249 993 1291 qna
1025 1234 1156 1277 divise
1192 1234 1363 1277 interim
1399 1222 1766 1294 tractandnffi''vi-

397 1314 534 1356 detur.
1648 1303 1656 1309 '¹

453 1380 611 1425 XVIII.
647 1378 838 1422 Primum
863 1375 978 1419 enim
1010 1376 1043 1419 si
1066 1376 1176 1419 veris
1207 1376 1403 1431 intendas
1435 1375 1640 1425 animum,
1671 1374 1764 1418 haec

393 1453 547 1497 mulier
564 1465 648 1494 non
669 1458 753 1492 tam
770 1447 944 1510 famosa„
962 1461 1088 1504 quam
1110 1446 1245 1505 justa:
1269 1463 1355 1490 non
1378 1448 1495 1490 enim
1518 1446 1764 1506 temporalis

395 1538 518 1567 usum
539 1521 726 1566 libidinis
748 1517 982 1575 requisivit,
1003 1519 1076 1560 sed
1099 1518 1380 1561 successionis
1401 1519 1577 1577 gratiam
1600 1532 1764 1562 concu-

394 1594 511 1653 pivit.
540 1593 641 1635 Erat
662 1590 774 1632 enim
792 1587 982 1631 deforme
1008 1588 1166 1630 liberos
1188 1603 1272 1630 non
1301 1587 1459 1630 habere
1474 1603 1484 1630 :
1499 1587 1612 1646 quod
1634 1587 1762 1631 etiam

394 1667 534 1723 legum
553 1661 738 1706 civilium
756 1658 834 1701 suit
853 1657 1106 1700 auctoritate
1130 1659 1371 1700 multatum.
1394 1657 1650 1700 promiserat
1667 1672 1762 1700 eam

397 1735 484 1779 filio
502 1750 577 1777 suo
598 1732 746 1781 Judas,
769 1737 813 1772 et
834 1729 905 1772 diu
923 1737 1144 1786 pactarum
1172 1728 1329 1771 soedera
1348 1727 1570 1772 distulerat
1592 1728 1765 1786 nuptia·

396 1823 506 1851 rum.
527 1806 606 1849 Per
623 1817 788 1846 moram
812 1799 1007 1859 promissi
1027 1799 1252 1842 defunctus
1268 1807 1332 1841 est
1349 1813 1540 1857 sponsus.
1564 1798 1762 1843 Nondum

395 1875 659 1936 virginitatis,
697 1873 889 1915 nondum
924 1869 1140 1912 viduitatis
1186 1878 1283 1912 ante
1329 1869 1488 1913 Christi
1531 1871 1763 1913 adventum

394 1947 599 1991 vernabat
617 1943 749 2002 gratia
776 1942 883 1998 (15).
910 1940 1069 1983 Dolens
1092 1955 1137 1982 se
1158 1940 1247 1982 sine
1273 1938 1370 1982 filiis
1395 1939 1664 1990 remansisse,
1684 1941 1763 1982 do·-

337 2063 341 2069 ,
394 2021 482 2063 lum
507 2015 646 2059 studio
673 2010 954 2071 generationis
974 2018 1216 2052 commenta
1238 2018 1317 2060 est,
1342 2017 1386 2052 et
1405 2009 1558 2052 Iudam
1583 2008 1761 2052 consilio

394 2086 630 2147 praevertit3
657 2092 704 2126 ut
724 2097 768 2124 se
791 2082 930 2123 eidem
958 2080 1131 2123 offerret
1152 2088 1362 2129 ornatam,
1387 2088 1663 2138 posteaquam
1685 2080 1762 2124 de·

395 2160 585 2202 sunctum
619 2153 710 2211 ejus
744 2150 942 2209 cognovit
976 2164 1166 2193 uxorem.
1213 2150 1341 2192 Vides
1380 2150 1528 2208 utique
1571 2149 1760 2194 mulieris

395 2229 519 2273 vitam
544 2223 730 2285 probari,
756 2222 870 2279 qnod
891 2235 975 2262 non
1001 2220 1184 2263 alienum
1209 2220 1426 2279 praeripuit
1454 2221 1643 2271 thorum,
1672 2236 1759 2265 nou

392 2296 634 2343 meretricio
658 2293 796 2337 studio
818 2290 935 2349 quasi
963 2291 1164 2333 meretrix
1190 2291 1393 2334 adornata
1415 2300 1504 2341 est;
1535 2306 1622 2334 non
1642 2291 1759 2335 enim

391 2384 538 2428 vagam
568 2365 750 2425 captavit
780 2363 1021 2412 libidinem,
1056 2362 1131 2405 sed
1166 2363 1238 2405 diu
1269 2362 1405 2405 soceri
1438 2363 1631 2406 fraudata
1656 2376 1760 2420 pro-

390 2440 545 2488 missis.
569 2453 621 2481 ex
638 2451 687 2479 ea
707 2434 863 2478 familia
887 2430 1014 2491 quam
1035 2434 1265 2490 delegerat,
1289 2448 1494 2476 converso
1511 2434 1628 2493 dolo.-
1648 2433 1758 2476 sruc-

391 2521 482 2555 tum
509 2507 642 2552 voluit
662 2506 940 2550 successionis
967 2503 1155 2561 adipisci.
1191 2503 1297 2556 Quis
1320 2504 1461 2561 itaque
1482 2504 1657 2562 castior}
1685 2503 1756 2547 illa

389 2597 483 2642 quae
515 2579 663 2624 tandiu
693 2578 929 2637 expectavit
959 2577 1240 2636 promissum,
1273 2590 1325 2619 an
1361 2575 1431 2620 ille
1461 2576 1535 2634 qui
1565 2589 1754 2622 amorem

439 2684 448 2699 ¹
469 2674 586 2708 Mauh.
602 2683 622 2710 1,
643 2683 671 2710 a,
687 2671 718 2704 3.
754 2696 764 2712 ,
