1846 3262
409 287 494 338 348
961 300 993 329 s.
1032 299 1227 329 Aunnosu

405 379 655 439 conjugium
668 412 679 430 ‚
699 381 767 422 lex
781 378 858 422 Dei
876 393 963 422 non
977 387 1056 422 est.
1077 378 1132 421 Et
1149 376 1312 421 addidit
1332 391 1342 420 ε
1360 393 1376 417 ι
1389 376 1519 432 Quod
1540 376 1574 421 si
1590 375 1774 424 infidelis

406 470 422 491 ι
437 450 638 499 discedit,
658 448 888 494 discedat¹.
905 467 921 489 ι
940 448 1080 492 Simul
1092 448 1205 492 idem
1222 447 1452 507 Apostolus
1470 446 1641 510 negavit
1651 447 1776 508 Legis

407 536 498 565 esse
533 521 708 571 divinae,
744 528 790 563 ut
817 520 1066 578 conjugium
1100 520 1414 578 qualecumque
1444 519 1632 571 solvatur
1656 533 1668 564 ε
1695 534 1777 564 nec

407 591 497 649 ipse
519 590 722 649 praecepit
736 623 746 643 ,
767 605 848 633 nec
866 589 985 634 dedit
1005 590 1218 633 deserenti
1240 579 1563 649 auctoritatem,
1587 590 1664 634 sed
1683 590 1778 635 cul-

407 677 504 719 pam
529 661 704 705 abstulit
726 660 945 705 destituto.
972 661 1072 704 Haec
1094 660 1329 704 moraliter.
1583 716 1585 718 ι

468 733 543 778 ΙΧ.
579 733 740 778 Tamen
758 733 856 792 quia
877 748 1002 792 supra
1021 732 1247 792 proposuit
1270 746 1449 792 regnum
1465 730 1551 794 Deip
1565 731 1779 792 evangeli-

410 819 528 854 zare,
551 813 594 847 et
614 819 713 848 cum
737 804 908 848 dixisset
925 806 978 848 de
998 803 1111 863 Lege
1129 819 1264 848 unum
1289 804 1455 863 apicem
1470 818 1559 848 non
1571 818 1696 863 posse
1711 819 1781 849 ca·

410 876 535 926 dere,
567 869 782 932 subjecit:
808 875 986 919 «Omnis
1023 875 1096 932 qui
1127 874 1304 917 dimittit
1339 888 1519 917 uxorem
1553 888 1702 924 suam,
1726 882 1783 932 ‘et

410 944 559 988 »ducit
591 945 789 995 alteram,
818 943 1107 989 moechatur-².
1124 964 1140 985 n
1161 944 1295 989 Recte
1321 944 1522 997 admonet
1553 943 1794 1005 Apostolus>

413 1015 560 1058 dicens
583 1024 899 1059 sacramentum
922 1016 1005 1059 hoc
1027 1030 1230 1073 magnum
1252 1030 1345 1059 esse
1366 1015 1420 1058 de
1441 1014 1613 1059 Christo
1634 1023 1678 1058 et
1698 1014 1784 1059 Ec-

414 1086 574 1130 clesia'.
589 1086 760 1130 Iuvenis
779 1087 908 1146 igitur
929 1087 1179 1145 conjugium
1191 1087 1310 1145 ‘quod
1327 1086 1643 1145 nemo-dubitet
1658 1102 1680 1130 a
1693 1087 1784 1136 Deo

413 1157 699 1214 conjunctum
715 1190 726 1208 ,
758 1173 857 1201 cum
885 1157 976 1217 ipse
1007 1158 1122 1201 dieat
1146 1157 1337 1201 :cNemo
1365 1159 1482 1203 venit
1507 1159 1562 1206 ad
1586 1172 1683 1210 me,
1704 1157 1796 1213 nisi,

414 1247 430 1269 n
443 1228 569 1271 Pater
587 1244 724 1279 meus,
740 1227 813 1286 qui
835 1229 949 1272 misit
965 1244 1051 1278 me,
1068 1228 1287 1272 attraxerit
1307 1227 1445 1278 eum⁴;
1460 1248 1476 1270 ι
1489 1228 1564 1272 Ille
1583 1229 1700 1273 enim
1714 1243 1786 1273 so·-

409 1300 476 1342 lus
496 1299 636 1358 potuit
651 1299 726 1342 has
743 1299 913 1358 nuptias
938 1300 1154 1359 copulare.
1187 1299 1241 1343 Et
1257 1299 1353 1342 ideo
1376 1299 1557 1358 mystice
1581 1298 1788 1352 Salomon

415 1370 520 1415 dixit
543 1370 634 1415 :·A
661 1370 751 1414 Deo
780 1370 1091 1430 praeparabitur
1120 1369 1211 1414 viro
1242 1369 1394 1414 uxor‘.
1411 1388 1432 1430 P,-
1451 1368 1529 1420 ,Vir
1561 1369 1784 1427 Christus,

417 1457 524 1484 uxor
541 1441 732 1485 Ecclesia
754 1450 823 1485 est
843 1457 853 1484 ε
872 1441 1081 1485 charitate
1102 1431 1234 1491 uimr,
1257 1441 1501 1502 integritate
1527 1440 1798 1501 virgeblssrgo¹

419 1527 546 1569 quem
560 1512 681 1555 Deus
699 1512 825 1554 traxit
841 1513 894 1562 ad
911 1511 1070 1555 Filium
1082 1543 1093 1561 ,
1116 1526 1203 1555 non
1226 1519 1392 1569 separet
1410 1511 1653 1570 persecutio
1666 1543 1679 1559 .
1703 1524 1790 1555 non

420 1590 583 1625 avertat
607 1582 772 1625 luxuria
786 1614 798 1631 ,
830 1597 914 1625 non
946 1582 1215 1641 philosophia
1235 1582 1529 1640 depraedetur,
1548 1579 1791 1636 no'nthni-

418 1651 561 1695 chaeus
583 1653 970 1702 contaminet,non
989 1651 1195 1695 Arrianus
1213 1660 1391 1701 avertat,
1414 1667 1500 1695 non
1521 1651 1793 1706 sabellianus

417 1722 592 1767 inficiat.
619 1723 733 1766 Deus
761 1722 924 1780 junxit,
948 1722 1125 1766 Judaeus
1151 1737 1237 1765 non
1258 1729 1441 1781 separet.
1469 1721 1670 1779 Adulteri
1692 1730 1794 1775 suut

417 1809 566 1836 omnes
587 1793 659 1851 qui
682 1793 921 1836 adulterare
942 1793 1122 1851 cupiunt
1139 1791 1239 1835 fidei
1257 1801 1299 1835 et
1316 1792 1532 1852 sapientiae
1549 1792 1797 1849 veritatenu

476 1864 532 1907 X.
582 1863 712 1916 «Quis
733 1863 842 1906 liber
861 1873 949 1912 est,
973 1862 1131 1920 inquit,
1160 1862 1240 1906 iste
1261 1862 1430 1920 repudii
1447 1861 1765 1919 matrisrvestrae
1781 1894 1795 1912 .

421 1954 438 1975 ι
452 1950 538 1992 quo
559 1934 698 1978 dimisi
717 1950 811 1977 eam
824 1933 864 1976 ⁶?
878 1953 893 1973 ι»
914 1933 1079 1977 Audisti
1100 1933 1328 1992 repudium
1344 1965 1355 1982 ,
1374 1933 1504 1976 crede
1518 1931 1792 1991 conjugium.

423 2005 591 2048 Audisti
602 2005 707 2062 quid
726 2003 976 2047 Judaeorum
998 2004 1114 2063 plebi
1132 2004 1221 2062 ipse
1243 2003 1308 2046 vir
1334 2003 1450 2046 dicat
1467 2017 1479 2046 ε
1495 2002 1698 2062 ᾳΕᾳεοὶιι
1720 2002 1803 2050 ἰοὶ,

428 2074 689 2133 »quitatibus
708 2074 858 2117 vestris
880 2074 1040 2116 venditi
1062 2073 1161 2117 estis
1175 2106 1187 2124 ‚
1213 2082 1256 2117 et
1281 2073 1324 2116 iu
1344 2073 1532 2132 peccatis
1558 2073 1706 2120 vestris
1737 2073 1801 2117 di-

431 2145 556 2189 »misi
579 2154 762 2189 matrem
786 2144 1012 2188 vestram⁷.
1029 2164 1045 2185 »
1065 2145 1188 2188 Mane
1205 2160 1306 2202 ergo
1340 2153 1385 2187 tu
1417 2144 1459 2187 in
1486 2145 1616 2188 domo
1646 2144 1798 2202 patris,v

429 2230 555 2258 mane
576 2230 675 2258 cum
707 2215 1057 2274 sponso,enitere
1080 2216 1308 2273 utplaceas
1326 2214 1429 2258 viro.
1451 2214 1571 2259 Mens
1591 2229 1686 2273 quae
1708 2228 1803 2262 cre-

432 2285 575 2330 didisti
605 2285 720 2335 Deo,
755 2294 846 2328 esto
872 2286 992 2329 sortis
1020 2286 1196 2336 mulier,
1223 2285 1359 2343 qualis
1386 2285 1455 2328 illa
1485 2284 1711 2331 velanima
1733 2298 1802 2335 ecfl-

432 2356 684 2407 clesiasfica,
719 2357 784 2400 vel
814 2356 1030 2406 Ecclesia,
1064 2358 1117 2400 de
1145 2372 1227 2415 qua
1246 2356 1352 2399 dicit
1372 2354 1806 2403 salomom-Mulier

429 2449 445 2468 a
459 2443 551 2471 rem
567 2427 721 2471 fortem
750 2428 843 2486 quis
867 2427 1104 2472 inveniet⁸i¹
1119 2428 1348 2471 Pretiosior
1359 2436 1501 2470 autem
1512 2432 1577 2470 es't
1586 2426 1804 2485 lapidibus

435 2498 679 2557 »pretiosis,
699 2513 793 2556 quae
815 2498 910 2541 talis
927 2507 990 2542 est
1010 2515 1019 2540 :
1041 2497 1220 2543 confidit
1241 2499 1282 2541 in
1305 2514 1355 2542 ea
1371 2498 1434 2541 vir
1450 2497 1595 2541 suus⁰.
1625 2517 1641 2536 ι
1655 2496 1810 2542 Videa-

481 2599 491 2614 ¹
519 2601 531 2623 ι
550 2590 632 2623 Cor.
647 2591 771 2628 vu,15.
789 2609 829 2617 —
849 2602 862 2617 ι
893 2593 971 2625 Luc.
988 2602 1055 2631 xvi,
1074 2603 1129 2634 ¹7·
1143 2610 1183 2616 —
1202 2593 1217 2616 ³
1233 2591 1354 2634 Ephes.
1370 2601 1404 2629 v.
1422 2591 1477 2623 δ’.
1491 2606 1531 2615 -
1549 2588 1679 2622 hionn-
1694 2587 1810 2627 vnu-

441 2664 483 2672 -
498 2647 513 2670 ⁸
529 2645 627 2679 Prov.
648 2657 718 2694 xix,
751 2646 804 2686 ¹4·
829 2665 870 2674 --
897 2648 914 2671 ⁶
931 2646 1011 2682 lsai.
1028 2659 1059 2687 ι,
1077 2658 1106 2680 ι.
1119 2664 1160 2673 -
1175 2654 1189 2678 5
1208 2646 1300 2681 lhid.
1326 2657 1349 2679 ι.
1362 2663 1404 2672 -
1419 2647 1449 2691 ,0
1471 2645 1569 2680 Prov.
1585 2655 1675 2682 mi,
1695 2653 1749 2677 ιο.
1767 2660 1809 2668 -

444 2708 461 2730 9
479 2699 568 2734 lbid.
587 2710 636 2734 ιι.
