1800 3268
417 275 495 319 128
963 281 996 311 s.
1036 279 1232 311 sunnosu

414 365 561 411 vincit,
585 370 631 406 ut
653 360 780 404 sallat.
808 358 915 413 Nam
938 359 972 402 si
993 359 1271 402 convertisset
1290 365 1506 408 naturam,
1529 354 1776 417 prodiderat

415 446 669 481 creatorem.
698 432 837 476 Medio
863 446 964 490 ergo
987 430 1204 489 respondit
1232 429 1378 474 dicens
1404 445 1414 472 ε

483 504 727 562 :Scriptum
748 510 813 544 est
833 501 1034 558 quoniam
1056 516 1143 544 non
1171 500 1214 543 in
1241 515 1351 558 pano
1371 500 1461 544 solo
1487 498 1596 543 vivit·
1612 497 1772 548 homo,

412 596 427 619 ιι
442 575 547 619 sed
537 590 578 617 in
606 571 723 616 omni
746 572 873 614 verbo
895 570 1013 614 Dei¹.
1029 589 1045 611 ι»

471 645 568 690 XX.
608 642 736 687 Vides
755 655 840 699 quo
857 655 1012 699 genere
1029 648 1173 684 utatur
1190 655 1434 690 armorum,
1451 654 1538 698 quo
1558 612 1777 684 hominem

415 733 435 760 a
460 713 658 774 spititalis
681 711 880 769 nequitiae
901 711 1146 754 incursione
1168 710 1390 761 defendat,
1417 711 1617 754 adversus
1638 709 1779 755 irrita-

414 795 557 830 menta
594 785 702 842 gulae
734 791 902 841 septum
938 790 1065 840 atque
1094 781 1339 825 munitum?
1377 780 1472 825 Non
1505 779 1630 839 enim,
1658 778 1779 838 quasi

413 858 527 902 Deus
542 855 677 899 utitur
692 862 899 912 potestate
920 851 1044 910 (quid
1059 852 1174 896 enim
1191 851 1294 894 mihi
1318 850 1547 910 proderat)
1563 850 1640 894 sed
1661 849 1778 908 quasi

415 929 547 972 homo
570 938 800 969 commune
824 924 904 966 sibi
923 923 1096 966 arcessit
1119 922 1320 966 auxilium
1335 940 1346 973 ;
1372 931 1419 966 ut
1446 921 1599 966 divinae
1625 921 1781 980 pabulo

414 996 608 1043 lectionis
644 995 831 1038 intentus
866 993 1020 1037 samem
1056 995 1247 1052 corporis
1286 994 1490 1052 negligat,
1533 992 1783 1036 alimentum

417 1069 535 1113 verbi
556 1065 738 1110 eoelestis
763 1065 965 1122 acquirat.
992 1064 1100 1107 Huic
1124 1064 1310 1107 intentus
1329 1064 1495 1122 Moyses
1519 1077 1672 1122 panem
1694 1076 1782 1106 non

418 1137 671 1184 desideravit
701 1151 710 1178 :
738 1135 839 1178 huic
879 1135 1067 1178 intentus
1094 1135 1204 1177 Elias
1236 1135 1392 1178 famem
1423 1127 1673 1193 prolixioris.
1694 1147 1782 1176 non

417 1209 548 1255 sensit
565 1206 729 1266 jejunii.
755 1205 849 1250 Non
866 1205 980 1247 enim
1004 1214 1144 1264 potest
1164 1205 1237 1262 qui
1263 1205 1440 1249 verbum
1464 1203 1682 1263 sequitur,
1705 1217 1783 1262 pa-

413 1296 512 1326 nem
531 1278 769 1322 desiderare
786 1284 1019 1324 terrenum,
1038 1291 1136 1318 cum
1155 1275 1435 1319 substantiam
1453 1275 1572 1334 panis
1594 1274 1778 1319 coelestis

415 1350 616 1409 accipian
642 1346 840 1391 humanis
862 1346 975 1389 enim
1001 1346 1140 1389 divina
1159 1355 1361 1405 praestare'
1382 1361 1469 1390 non
1490 1345 1669 1390 dubium
1690 1353 1782 1396 est,

412 1432 456 1466 et
479 1419 771 1479 corporalibus
793 1416 1007 1475 spiritalia.
1036 1417 1089 1458 Et
1120 1416 1215 1459 ideo
1241 1416 1315 1474 qui
1347 1417 1476 1461 vitam
1506 1430 1648 1459 veram
1671 1414 1784 1460 desi·

417 1494 558 1541 derat,
585 1489 705 1532 illum
736 1502 890 1545 panem
924 1495 1116 1544 expetat,
1143 1486 1215 1544 qui
1253 1485 1648 1544 per-insensibilem
1678 1485 1782 1528 sub·

415 1561 612 1605 stantiam
631 1559 818 1602 humana
835 1557 964 1600 corda
982 1556 1223 1599 confirmat.
1244 1556 1381 1600 Simul
1397 1571 1498 1600 cum
1511 1555 1615 1600 dicit
1634 1554 1782 1600 uNon

414 1650 430 1673 ι
445 1632 486 1674 in
508 1645 617 1689 pane
639 1629 728 1671 solo
750 1626 849 1670 vivit
871 1627 1054 1675 homo,»
1077 1626 1263 1670 ostendit
1286 1626 1506 1669 hominem
1527 1633 1784 1685 essertenta·

415 1711 531 1751 tum,
562 1700 644 1743 hoc
674 1706 760 1747 est,
791 1697 1106 1755 susceptionem
1130 1705 1347 1747 nostram,
1370 1711 1456 1740 non
1482 1711 1604 1740 suam
1631 1695 1782 1739 divini-

415 1782 559 1817 tatem.
598 1780 610 1789 ·“

471 1843 590 1887 XXI.
629 1840 830 1898 Sequitur
863 1839 1078 1897 jactamiae
1112 1841 1262 1888 telum,
1305 1855 1392 1898 quo
1424 1839 1614 1898 proclive
1640 1838 1780 1883 delin-

411 1916 581 1973 quitnr;
613 1912 710 1971 quia
741 1913 845 1954 dum
867 1910 1062 1953 homines
1091 1911 1268 1968 gloriam
1302 1910 1467 1967 virtutis
1499 1925 1587 1954 suae
1617 1909 1779 1969 jactago

414 1986 680 2034 desiderant,
711 1984 764 2025 de
786 1983 882 2025 loco
909 1981 1162 2024 meritorum
1184 1996 1360 2024 suorum
1382 1989 1425 2024 et
1452 1980 1634 2025 statione
1660 1980 1780 2024 dece-

414 2056 534 2098 dunt.

479 2125 559 2167 «Et
579 2123 698 2166 duxit
718 2123 866 2170 illum,
888 2121 1049 2178 inquit,
1074 2121 1115 2164 in
1137 2121 1428 2175 Hierusalem,
1447 2130 1491 2166 et
1507 2121 1656 2177 statuit
1676 2135 1775 2169 eum

408 2208 563 2251 »supra
592 2193 763 2251 pinnam
789 2191 976 2249 templi&
995 2210 1011 2230 n

466 2263 606 2306 XXII.
634 2263 695 2305 Ita
722 2271 787 2305 ost
814 2261 927 2304 enim
954 2261 1183 2318 jactantia,
1215 2271 1262 2305 ut
1285 2263 1388 2306 dum
1419 2278 1464 2306 se
1494 2269 1635 2323 putat·
1645 2275 1777 2314 nnus-

407 2333 588 2392 quisque
618 2334 671 2376 ad
697 2332 843 2374 altiora
874 2331 1187 2382 conscendere,
1219 2333 1467 2376 sublimium
1497 2329 1774 2391 usurpatione

406 2403 616 2446 sactorum
638 2404 692 2446 ad
714 2402 911 2445 inferiora
931 2404 1138 2445 trudatur.

477 2474 557 2516 «Et
579 2473 683 2516 dixit
705 2473 763 2516 illi
788 2488 797 2515 :
822 2472 864 2515 Si
885 2473 1015 2516 Filius
1043 2472 1120 2516 Dei
1149 2489 1192 2516 es
1209 2506 1220 2523 ,
1255 2474 1377 2517 mitte
1405 2483 1445 2518 te
1472 2472 1716 2518 deorsum'.
1743 2492 1759 2514 ι

461 2542 620 2586 XXIII.
666 2542 772 2586 Vere
797 2543 1005 2586 diabolica
1035 2559 1137 2593 vox,
1166 2560 1258 2602 qua:
1286 2554 1474 2589 mentem
1497 2545 1682 2589 hominis
1715 2544 1769 2588 do

452 2643 461 2659 ¹
481 2635 556 2668 Luc.
577 2645 622 2675 ιν,
638 2634 672 2674 4.
688 2653 720 2660 -
743 2643 756 2659 ⁸
778 2635 865 2668 lbid.
881 2647 912 2678 9.
931 2655 971 2661 —
991 2638 1003 2660 ³
1024 2636 1107 2668 tbid.
