1846 3262
416 289 500 348 396
980 302 1012 332 ε.
1052 300 1249 333 Αυιηιοοιι

417 382 617 427 discretio
655 382 710 426 sit
743 397 754 425 τ
786 390 835 426 ut
871 381 966 426 vitis
997 380 1224 426 maritatur
1258 376 1502 429 arboribus;
1535 375 1594 421 ita
1626 372 1789 435 corpus·

414 456 589 505 animae,
618 454 759 498 anima
776 469 948 513 quoque
969 453 1139 512 corpori
1161 451 1417 510 conjugatur
1439 465 1450 493 :
1471 457 1522 494 ut
1541 448 1663 494 vinea
1680 448 1785 492 dum

414 527 606 585 jugatur,
635 525 834 585 erigitur3
860 535 904 570 et
932 525 1065 569 recisa
1093 539 1181 568 non
1207 521 1440 572 minuitur,
1469 521 1546 564 sed
1572 527 1782 579 augetur:

413 597 471 640 ita
490 605 635 640 sancta
660 597 782 656 plebs
810 597 913 640 dum
940 596 1121 655 ligatur,
1149 593 1321 637 exuitur
1342 608 1351 635 :
1373 593 1478 636 dum
1504 591 1782 641 humiliatur,

416 667 624 711 attollitur
642 682 652 709 ε
675 668 778 710 dum
798 667 1006 711 reciditur
1022 699 1033 716 ,
1051 673 1296 710 coronatur.
1319 663 1435 716 Quin
1450 662 1582 706 etiam
1601 670 1651 705 ut
1666 669 1787 706 tener

416 740 616 783 surculus
644 739 777 782 veteri
807 738 1017 782 abscissus
1043 753 1095 781 ex
1121 737 1299 785 arbore,
1327 735 1372 778 iu
1394 733 1566 778 alterius
1586 732 1693 777 soetu
1716 747 1789 776 ra-

416 809 522 853 dicis
547 811 750 854 inseritur
773 825 783 853 ε
808 811 865 854 ita
881 811 1063 869 populus
1080 809 1150 852 hic
1169 817 1341 852 sanctus
1357 805 1519 850 surculi
1539 804 1694 849 veteris
1723 804 1788 849 ci·-

419 881 649 925 catricibus
676 881 893 933 enodatis,
918 881 961 924 in
985 882 1059 925 illo
1086 879 1228 923 crucis
1250 880 1365 937 ligno
1395 887 1599 936 tanquam
1625 875 1788 935 gremio

415 953 494 1011 piae
519 953 705 1012 parentis
734 953 847 997 fotus
869 952 1095 996 inolescit:
1116 951 1387 1010 Spiritusque
1414 956 1587 993 sanetus
1608 947 1720 992 sicut
1743 947 1789 989 in

415 1025 519 1067 altas
546 1025 754 1068 demissus
781 1033 993 1067 terrarum
1025 1024 1226 1072 scrobes,
1258 1022 1315 1065 ita
1343 1022 1386 1065 in
1420 1021 1505 1065 hoc
1541 1033 1794 1064 carcereum

419 1108 575 1152 corpus
595 1094 758 1138 infusus
772 1128 782 1144 ‚
810 1109 928 1152 aquae
949 1093 1144 1138 salutaris
1167 1093 1326 1150 irriguo
1349 1091 1474 1135 diluit
1491 1089 1703 1148 quidquid
1733 1097 1799 1132 est

420 1164 616 1209 foetidum
633 1199 644 1217 ‚
665 1165 1047 1222 membrorumque
1062 1172 1308 1207 nostrorum
1321 1161 1495 1205 habitus
1516 1160 1561 1204 in
1581 1160 1798 1204 coelestem

421 1237 546 1295 erigit
582 1237 867 1296 disciplinam.

480 1307 628 1352 XXX.
665 1308 787 1352 Hanc
810 1307 978 1351 vineam
1001 1308 1180 1366 diligens
1202 1305 1388 1364 agricola
1414 1304 1591 1355 fodere,
1614 1303 1766 1363 jugare
1784 1333 1798 1353 ‚

426 1380 686 1422 contendere
704 1379 925 1422 consuevit
945 1394 955 1422 :
974 1377 1297 1435 eruderatisque
1312 1383 1494 1419 terrenae
1523 1373 1649 1418 molis
1678 1386 1803 1431 agge-

426 1450 569 1502 ribus,
604 1459 751 1510 operta
781 1451 974 1509 corporis
1010 1450 1145 1494 nostri
1175 1463 1292 1492 nunc
1325 1445 1415 1492 sole
1449 1454 1642 1496 torrere,
1683 1457 1802 1488 nunc

427 1521 564 1564 imbre
586 1521 871 1579 perfundere,
896 1522 1075 1580 stirpare
1097 1536 1245 1580 agrum
1271 1519 1446 1569 solitus;
1474 1533 1531 1562 ne
1562 1533 1585 1560 a
1611 1515 1802 1561 sentibus

430 1607 597 1650 gemma
614 1595 808 1643 laedatur,
835 1609 890 1636 ne
910 1593 1096 1636 luxuriet
1116 1593 1269 1635 umbra
1294 1591 1522 1640 foliorum,
1549 1588 1803 1632 verborum-

431 1679 515 1721 que
538 1663 799 1707 infructuosa
821 1664 1023 1722 jactantia
1057 1663 1284 1706 virtutibus
1317 1661 1642 1708 obumbrando,
1659 1665 1803 1701 matu·

432 1733 602 1777 ritatem
620 1733 774 1778 indolis
790 1736 993 1778 naturalis
1011 1734 1229 1793 impediat.
1250 1733 1336 1776 Sed
1355 1731 1465 1776 absit
1487 1738 1536 1773 ut
1550 1728 1652 1773 huic
1670 1727 1804 1771 vineae

433 1805 665 1863 quidquam
682 1806 905 1849 timeamus
924 1805 1104 1855 adversi,
1123 1819 1250 1862 quam
1272 1801 1451 1862 pervigil
1472 1807 1616 1844 custos
1631 1795 1804 1842 Domini

429 1875 635 1921 Salutaris
672 1877 872 1921 adversus
904 1891 1054 1919 omnes
1088 1874 1288 1934 nequitiae
1321 1871 1538 1918 saecularis
1579 1868 1805 1914 illecebras

432 1963 558 1992 muro
585 1949 680 1992 vitae
713 1949 882 1992 vallavit
911 1957 1080 1991 aeternae
1096 1981 1107 1998 ,
1130 1955 1174 1990 et
1191 1945 1384 1990 extendit
1402 1942 1599 2004 palmites
1621 1940 1716 1999 ejus
1731 1954 1807 1983 us-

432 2035 517 2077 que
543 2021 597 2063 ad
616 2019 760 2063 mare¹
786 2035 796 2062 τ
823 2038 840 2059 α
861 2019 1034 2063 Domini
1057 2019 1171 2062 enim
1189 2026 1254 2061 est
1279 2026 1391 2061 terra
1405 2015 1438 2059 ².
1467 2033 1485 2056 ι
1507 2013 1676 2072 Ubique
1692 2011 1808 2056 Deus

432 2092 558 2136 Pater
574 2091 745 2142 colitur,
769 2091 928 2149 ubique
951 2090 1144 2134 Christus
1166 2089 1376 2133 Dominus
1402 2087 1622 2130 adoratur.

492 2163 658 2208 XXXI.
696 2163 796 2206 Haec
817 2171 881 2206 est
904 2170 1047 2205 nostra
1073 2161 1296 2204 vindemia.
1325 2160 1426 2203 Laeti
1446 2158 1577 2218 igitur
1597 2164 1810 2214 atquese·

434 2233 548 2284 curi,
579 2249 674 2292 pars
707 2233 918 2292 gremium
948 2247 1074 2275 suum
1111 2231 1279 2275 mitium
1304 2229 1502 2273 funiculis
1528 2235 1682 2272 oneret
1703 2239 1809 2269 uva-

436 2321 532 2348 rum
546 2337 558 2355 ,
578 2305 646 2349 alii
665 2305 851 2348 coelestia
871 2319 1048 2347 munera
1070 2319 1144 2346 ore
1165 2302 1366 2351 libemus,
1385 2300 1581 2360 plerique
1598 2299 1809 2343 bonarum

433 2376 645 2435 gressibus
668 2377 935 2419 voluntatum
959 2375 1090 2418 divini
1123 2373 1310 2417 fructum
1344 2371 1537 2415 muneris
1561 2368 1811 2428 exprimen-

434 2457 520 2498 tes,
557 2447 733 2506 vestigia
766 2447 989 2496 cothurnis
1018 2447 1131 2489 nuda
1151 2444 1350 2503 direptis,
1375 2450 1518 2486 musto
1537 2440 1700 2484 fluente
1722 2437 1808 2481 tin·

434 2533 582 2577 gamus
592 2535 605 2569 3
628 2519 748 2562 locus
770 2518 884 2562 enim
908 2518 950 2561 in
978 2532 1064 2576 quo
1100 2525 1287 2566 stamus,
1324 2523 1438 2558 terra
1466 2520 1613 2556 sancta
1639 2507 1743 2559 est⁸‚
1766 2516 1812 2551 et

441 2590 538 2635 ideo
571 2591 860 2635 calceamenta
895 2589 1096 2634 solvenda
1126 2596 1252 2651 sunt,
1284 2595 1332 2630 ut
1363 2584 1554 2645 spiritale
1582 2580 1810 2641 vestigium

488 2691 500 2708 ¹
519 2682 606 2718 Psal.
620 2693 731 2724 unx,
749 2693 800 2717 ια.
820 2701 861 2709 -
876 2693 890 2708 ²
909 2683 962 2717 ld.
976 2693 1072 2720 nin,
1092 2692 1118 2714 ι.
1136 2699 1176 2707 -
1193 2682 1209 2706 ³
1228 2678 1340 2715 ond.
1357 2690 1410 2720 ιιι,
1431 2679 1465 2711 5.
