1800 3268
353 327 412 383 46
895 343 936 375 ο.
974 342 1169 375 Aunnosn

355 424 514 467 tionem
542 436 662 466 suam
684 423 899 468 inchoavit
922 437 944 467 a
965 424 1116 474 Maria3
1145 434 1192 468 ut
1216 441 1292 484 per
1320 421 1449 485 quam
1476 423 1590 471 salu‘s
1620 404 1717 472 tim-

353 495 477 538 nibus
503 494 759 552 parabatur,
796 495 945 538 eadem
969 496 1106 554 prima
1128 496 1315 539 fructum
1348 497 1494 541 salutis
1524 486 1717 542 haiil-iret

351 578 403 606 ex
422 558 612 621 pignore.

410 633 648 677 XV111.Et
669 631 780 676 bene
802 634 993 692 quaesivit
1011 638 1227 693 quomodo
1250 636 1394 688 fieret3
1418 627 1595 697 legerai
1599 638 1716 682 essim

348 703 447 760 quia
466 702 582 761 virgo
603 712 850 761 generaret,
878 705 953 746 sed
973 719 1057 747 non
1079 706 1239 764 legerat
1260 699 1624 764 quemadmodum
1646 714 1718 767 ge-

352 781 534 816 neraret.
556 772 750 831 Legerat,
770 782 819 817 ut
831 773 914 817 dixi
935 789 978 817 τι
991 774 1104 818 Ecce
1119 777 1236 835 virgo
1250 777 1292 820 in
1306 785 1429 821 utero
1450 777 1540 822 acci
1562 777 1705 821 'ievt'ss'

346 844 566 902 quomodo
589 852 730 887 autem
752 844 991 902 acciperet,
1010 845 1053 888 in
1068 845 1298 905 Evangelio
1314 849 1501 908 primum
1565 848 1715 907 ngelus

350 923 416 958 est
441 915 626 958 locutus.
1415 964 1417 966 q

418 985 659 1042 «Exurgens
677 993 816 1027 autem
834 985 964 1028 Maria
981 985 1024 1027 in
1043 986 1192 1029 diebus
1210 987 1307 1037 illis,
1327 988 1432 1032 abiit
1448 989 1490 1032 in
1509 983 1714 1033 montana

348 1070 478 1099 »cum
506 1055 773 1099 festinatione
799 1055 842 1098 in
875 1055 1089 1099 civitatem
1117 1056 1267 1107 Judae.
1294 1067 1339 1102 et
1359 1058 1533 1103 intravit
1552 1052 1597 1104 ili
1634 1060 1714 1103 do-

350 1144 367 1166 »
381 1141 499 1168 mum
522 1125 760 1176 Zachariae,
785 1134 828 1168 et
858 1127 1053 1169 salutavit
1074 1127 1297 1172 Elizabeth
1308 1127 1339 1172 ².
1356 1147 1374 1170 ι

406 1198 527 1241 ΧΙΧ.
553 1197 712 1240 Morale
732 1205 796 1239 est
811 1197 1034 1247 omnibus,
1059 1206 1106 1240 ut
1123 1199 1195 1255 qui
1217 1197 1348 1242 fidem
1365 1199 1556 1259 exigunt,
1580 1199 1713 1245 fldem

350 1275 553 1310 astruant.
585 1267 639 1309 Et
655 1267 752 1309 ideo
780 1267 967 1324 Angelus
991 1281 1090 1309 cum
1115 1268 1365 1311 abscondita
1394 1267 1635 1322 nuntiaret,
1665 1280 1714 1316 ut

348 1335 454 1380 fides
486 1345 750 1381 astrueretur
788 1337 983 1396 exemplo
1007 1370 1018 1387 ,
1059 1337 1237 1381 senioris
1270 1338 1439 1383 senfinae
1473 1336 1713 1400 sterilisque

346 1415 604 1467 conceptum
624 1407 774 1466 virgini
788 1407 928 1450 Mariae
944 1407 1178 1457 nuntiavit;
1195 1417 1244 1451 ut
1259 1408 1461 1466 possibile
1476 1406 1569 1454 Deo
1583 1409 1713 1461 omne

344 1480 460 1538 quod
481 1479 520 1530 ei
541 1478 772 1536 placuerit,
796 1485 1013 1520 assereret.
1043 1477 1123 1520 Ubi
1145 1477 1304 1521 audivit
1325 1478 1409 1523 hoc
1441 1479 1595 1532 Maria,
1624 1492 1711 1525 non

342 1550 461 1608 quasi
483 1550 705 1592 incredula
725 1547 778 1590 de
799 1548 999 1598 oraculo,
1022 1562 1103 1591 nec
1123 1548 1244 1606 quasi
1269 1548 1431 1594 incerta
1453 1552 1507 1595 de
1530 1549 1684 1596 nuntio
1698 1586 1710 1603 .

342 1636 422 1664 nec
443 1620 562 1678 quasi
584 1619 784 1663 dubitans
805 1620 857 1662 de
878 1620 1074 1677 exemplo
1093 1634 1104 1661 ε
1125 1620 1201 1662 sed
1221 1619 1343 1677 quasi
1366 1621 1461 1664 laeta
1483 1634 1572 1681 pro‘
1585 1620 1708 1673 voto,

341 1692 535 1750 religiosa
559 1705 636 1749 pro
654 1689 796 1733 officio
812 1722 824 1739 ‚
846 1689 997 1733 festina
1018 1703 1097 1747 pro
1123 1690 1277 1748 gaudio
1291 1721 1304 1740 ,
1328 1690 1372 1733 in
1387 1699 1592 1736 montana
1611 1706 1711 1752 per-

341 1762 464 1806 rexit.
473 1762 572 1815 Quo
592 1760 707 1804 enim
718 1760 805 1818 jam
825 1759 916 1803 Deo
936 1761 1080 1819 plena,
1099 1759 1179 1803 nisi
1196 1761 1249 1804 ad
1261 1761 1480 1819 superiora
1501 1774 1603 1807 cum
1622 1762 1710 1807 fes-

339 1832 547 1875 tinatione
566 1831 874 1876 contenderet?
892 1830 1036 1875 Nescit
1053 1832 1172 1875 tarda
1188 1831 1408 1876 molimina
1425 1830 1565 1878 sancti
1578 1832 1710 1894 Spiri-

337 1910 405 1945 tus
427 1902 572 1961 gratia.

395 1972 496 2016 XX.
522 1972 681 2015 Discite
697 1980 740 2016 et
755 1987 846 2023 vos,
869 1980 1025 2015 sanctae
1040 1973 1262 2022 mulieres,
1283 1973 1556 2018 sedulitatem
1578 1987 1708 2033 quam

335 2042 651 2101 praegnantibus
681 2042 870 2084 debeatis
902 2042 1106 2086 exhibete
1135 2043 1339 2101 cognatis.
1373 2042 1577 2096 Mariam,
1610 2051 1706 2103 q'uae.

335 2121 432 2155 ante
455 2113 542 2154 sola
558 2111 601 2154 in
622 2111 782 2154 intimis
799 2111 1088 2169 penetralibus
1106 2113 1372 2164 versabatur,
1388 2128 1476 2158 non
1488 2129 1512 2158 a
1526 2115 1704 2173 publico

332 2182 582 2240 virginitatis
599 2184 760 2240 pudor,
787 2197 874 2225 non
891 2183 942 2225 ab
966 2183 1107 2226 studio
1125 2183 1328 2241 asperitas
1346 2185 1558 2229 montium
1573 2217 1588 2238 ‚
1612 2201 1701 2231 non

335 2253 388 2302 ab
410 2252 551 2296 officio
572 2252 788 2311 prolixitas
810 2252 972 2296 itineris
1002 2254 1247 2297 retardavit.
1280 2254 1328 2297 In
1354 2264 1560 2300 montana
1581 2256 1702 2316 virgo

333 2339 432 2367 cum
454 2324 737 2375 festinatione,
761 2324 882 2382 virgo
903 2324 1032 2368 officii
1053 2340 1236 2375 memor,
1263 2326 1431 2383 injuriae
1448 2327 1694 2380 immemor,

335 2395 489 2438 affectu
514 2395 706 2453 vigente,
727 2410 814 2438 non
837 2410 961 2445 sexu,
985 2396 1131 2439 relicta
1153 2397 1343 2454 perrexit
1369 2398 1513 2443 domo.

389 2465 700 2516 XXLDiscite,
731 2467 930 2525 virgines,
957 2482 1044 2510 non
1070 2468 1413 2512 circumcursare
1433 2485 1512 2529 per
1539 2470 1697 2515 alienas

329 2537 460 2586 aedes,
498 2551 583 2579 non
613 2537 826 2580 demorari
858 2538 900 2580 in
932 2538 1107 2596 plateis,
1134 2554 1220 2581 non
1250 2540 1414 2597 aliquos
1446 2541 1490 2585 in
1519 2542 1696 2601 publico

328 2607 506 2650 miscere
525 2620 756 2650 sermones.
788 2607 916 2651 Maria
938 2608 981 2652 in
1002 2608 1128 2653 domo
1145 2610 1253 2653 seria
1268 2611 1355 2669 (6).
1379 2610 1532 2657 festina
1546 2611 1593 2656 in
1615 2627 1695 2672 pu·

373 2710 383 2725 ·
402 2698 480 2733 lsai.
498 2709 559 2740 vn,
576 2699 625 2739 ¹4·
643 2715 687 2726 -
703 2709 717 2725 ⁸
738 2701 817 2734 Luc.
836 2711 863 2743 1,
882 2701 937 2745 39,
959 2701 1016 2742 4ο.
