1846 3262
446 285 533 339 436
818 267 830 276 ’
1000 298 1030 325 s.
1074 297 1265 326 Αιιιιῐιοειι

443 375 653 420 mirabilia
681 374 838 419 Christi
862 389 991 434 opera
1023 375 1064 418 iu
1095 373 1324 432 Evangelio
1350 388 1521 433 quoquo
1547 372 1691 419 videro
1721 369 1807 418 non

446 448 623 507 possint.

508 520 556 562 C.
593 518 661 563 Ad
688 518 901 562 Herodem
927 518 1134 568 mittitur,
1162 519 1214 560 ad
1240 518 1421 561 Pilatum
1453 516 1724 560 remittitur-¹.
1757 516 1811 560 Et

446 592 479 635 si
502 601 681 648 uterque
702 606 823 633 reum
850 605 934 633 non
956 590 1258 648 pronuntiant5
1289 589 1434 632 alienae
1457 597 1597 632 tamen
1619 588 1811 632 crudeli-

441 662 538 705 tatis
569 661 719 705 studiis
749 661 1060 718 obsequuntur.
1096 659 1217 703 Lavit
1248 659 1421 717 quidem
1444 673 1595 701 manus
1622 659 1807 708 Pilatus,

443 735 519 776 sod
545 733 655 776 sacta
676 747 761 775 non
783 731 950 780 diluit²;
976 731 1107 790 judex
1127 731 1239 774 enim
1267 745 1346 773 nec
1373 729 1540 773 invidiae
1563 730 1718 773 cedere
1740 730 1811 772 de·

443 803 562 851 buit,
595 818 674 845 uec
704 802 871 850 timori}
913 810 961 844 ut
1004 801 1263 861 sanguinem
1293 800 1531 844 innocentis
1574 799 1804 842 addiceret.

442 873 644 917 Monebat
666 871 785 915 uxor³
809 873 1009 915 :lucebat
1031 873 1073 914 in
1098 880 1226 915 nocte
1245 870 1377 930 gratia
1398 885 1409 913 :
1429 869 1812 928 Divinitas-emiue-

442 946 541 994 hat;
564 960 644 988 nec
667 945 727 987 sie
750 960 772 987 a
795 944 998 1002 sacrilega
1030 943 1239 986 sententia
1263 941 1526 1001 temperavit.

503 1016 570 1060 CI.
608 1014 812 1058 Similiter
833 1014 877 1057 in
903 1014 983 1058 hoc
1009 1023 1158 1072 typum
1182 1013 1375 1056 omnium
1404 1012 1597 1071 judicum
1625 1011 1811 1055 arbitror

442 1101 533 1129 esse
558 1085 822 1144 praemissum
839 1117 850 1137 ‚
873 1085 944 1142 qui
969 1083 1212 1127 damnaturi
1233 1092 1375 1126 essent
1395 1098 1467 1141 eos
1489 1098 1595 1142 quos
1617 1082 1809 1126 innoxios

439 1157 712 1201 aestimarent.
744 1156 1074 1200 Tolerabiliores
1098 1164 1239 1199 tamen
1262 1155 1440 1214 gentiles
1462 1169 1553 1198 esse
1575 1169 1704 1213 quam
1728 1153 1811 1198 Ju-

441 1231 554 1273 daeos
582 1228 813 1286 conjuncta
839 1228 976 1272 Pilato
999 1242 1179 1285 persona
1202 1228 1466 1270 demonstrat
1487 1242 1497 1270 :
1519 1235 1563 1270 et
1584 1226 1716 1285 magis
1737 1241 1809 1269 eos

437 1301 590 1344 (livinis
622 1301 676 1344 ad
709 1299 839 1344 fidem
871 1299 1073 1358 oporibus
1104 1300 1339 1342 admoneri.
1377 1298 1537 1351 Quales
1569 1306 1714 1342 autem
1748 1296 1809 1341 illi

439 1372 511 1429 qui
536 1362 766 1414 Dominum
788 1369 1021 1427 majestatis
1044 1367 1384 1412 crucifixerunt?

501 1443 589 1486 Cll.
630 1443 718 1487 Nec
761 1442 976 1485 immerito
1013 1441 1240 1485 homicidae
1283 1440 1591 1484 absolutionem
1629 1447 1806 1499 petunt,

440 1513 514 1571 qui
535 1512 783 1572 flagitabant
808 1512 1048 1555 innocentis
1070 1511 1291 1555 exitium⁴.
1322 1511 1445 1555 Tales
1467 1512 1582 1570 leges
1611 1509 1809 1568 iniquitas

371 1604 373 1607 ⁴
437 1584 585 1634 habet,
607 1592 654 1627 ut
670 1583 809 1626 oderit
827 1583 1131 1633 innocontiam,
1155 1585 1295 1626 seclus
1311 1583 1470 1641 diligat.
1495 1583 1538 1625 lu
1557 1596 1643 1640 quo
1660 1588 1806 1624 tamen

438 1655 625 1698 nominis
648 1654 942 1713 interpretatio
967 1654 1151 1713 speciem
1182 1655 1254 1697 dat
1275 1653 1445 1712 figuram
1468 1653 1677 1697 Barrabas
1691 1651 1807 1696 onim

439 1723 576 1784 patris
603 1723 716 1768 filius
738 1725 870 1768 latine
892 1724 1049 1768 dicitur
1069 1740 1078 1768 ε
1097 1725 1158 1768 illi
1181 1740 1283 1783 ergo
1305 1724 1461 1782 quibus
1482 1723 1639 1767 dicitur
1659 1737 1705 1766 z«
1724 1721 1808 1765 Vos

438 1814 455 1836 κ
469 1812 521 1840 ex
542 1805 661 1855 patre
685 1794 854 1840 diabolo
878 1795 1024 1848 estis-⁵,
1040 1815 1056 1836 n
1070 1810 1170 1838 vero
1200 1794 1274 1838 Dei
1302 1793 1409 1838 Filio
1430 1792 1565 1837 filium
1592 1791 1723 1852 patris
1743 1792 1807 1836 sui

436 1869 750 1913 Antichristum
774 1867 989 1926 praelaturi
1011 1882 1103 1910 esse
1128 1867 1386 1924 produntur.

510 1940 589 1984 «Εἰ
609 1941 808 1984 indutum
833 1940 954 1983 illum
979 1946 1093 1982 veste
1115 1938 1208 1981 alba
1231 1935 1468 1980 remisit&-

500 2010 610 2055 (3111.
650 2011 744 2056 Non
762 2010 945 2053 otiosum
964 2009 1081 2066 quod
1100 2016 1213 2051 vesto
1231 2007 1326 2050 alba
1343 2005 1535 2050 induitur
1551 2005 1603 2049 ab
1619 2004 1804 2054 Herode,

439 2083 724 2127 immaculatae
757 2083 948 2125 tribuens
982 2079 1138 2123 indicia
1170 2078 1404 2138 passionis;
1427 2079 1542 2136 quod
1571 2091 1704 2135 agnus
1726 2075 1808 2120 Dei

435 2154 528 2197 siue
560 2154 755 2202 macula,
790 2166 890 2195 cum
922 2150 1055 2208 gloria
1082 2157 1258 2208 peccata
1287 2147 1439 2191 mundi
1473 2146 1725 2205 susciperet.
1756 2144 1807 2188 In

439 2232 544 2282 typo
572 2223 700 2266 etiam
731 2221 939 2271 Herodis,
966 2228 1093 2278 atquo
1123 2218 1271 2267 Pilati,
1296 2217 1371 2275 qui
1394 2216 1518 2259 amici
1543 2231 1595 2259 ex
1624 2213 1807 2258 inimicis

434 2294 536 2339 sacti
554 2303 652 2337 sunt
667 2309 744 2353 per
754 2293 904 2336 Jesum
923 2292 1141 2335 Christum
1159 2289 1297 2348 plebis
1315 2290 1444 2332 lsrae'l
1461 2287 1692 2347 populique
1707 2300 1808 2345 gen·

434 2365 521 2407 tilis
543 2363 678 2422 figura
701 2361 933 2411 servatur⁷‚
962 2361 1078 2419 quod
1101 2376 1176 2419 per
1199 2359 1368 2402 Domini
1393 2358 1632 2417 passionem
1654 2355 1807 2399 utrius·

437 2450 520 2493 que
536 2435 590 2477 sit
608 2434 748 2477 sutura
766 2433 997 2476 concordia
1019 2446 1030 2474 :
1051 2432 1107 2475 ita
1130 2438 1273 2474 tamen
1297 2438 1344 2472 ut
1363 2429 1455 2487 pius
1471 2428 1655 2487 populus
1673 2425 1808 2470 natio·-

436 2520 541 2548 num
565 2505 703 2564 capiat
723 2505 903 2547 verbum
924 2503 1023 2553 Dei,
1048 2510 1091 2545 et
1123 2502 1177 2544 ad
1198 2501 1406 2559 populum
1431 2498 1682 2542 Judaeorum
1703 2494 1805 2539 fidei

483 2617 492 2632 ¹
514 2607 592 2640 Luc.
607 2618 690 2646 xxu,
708 2618 758 2640 ιι.
780 2625 817 2634 -
836 2618 848 2632 ⁸
868 2606 988 2641 Mauh.
1003 2609 1105 2645 xxvu',
1125 2604 1175 2643 αἱ.
1198 2622 1237 2629 -
1262 2605 1276 2628 ⁵
1299 2602 1386 2636 lbid.
1417 2612 1468 2647 19.
1492 2620 1534 2629 -
1559 2603 1572 2629 ⁴
1601 2601 1684 2643 lque-
1706 2609 1803 2641 nn,

438 2662 486 2696 28.
506 2680 546 2688 —
565 2662 577 2683 ⁵
591 2660 686 2695 Juan.
705 2673 776 2701 vui,
793 2661 847 2701 44.
870 2679 909 2688 -
927 2662 942 2684 ⁶
955 2660 1036 2696 Luc.
1054 2670 1139 2700 un,
1160 2669 1209 2693 ιι.
1226 2676 1267 2683 —-
1285 2664 1295 2688 ⁷
1316 2657 1404 2692 lbid.
1433 2667 1482 2691 ιι.
