1846 3262
432 343 452 368 ,ο
469 330 515 378 46
981 340 1013 368 ει.
1054 339 1248 369 *nouom

427 529 486 541 w·
494 526 526 541 ιι
534 530 548 540 ι
555 526 672 542 ssu«-
679 527 752 540 usna
760 524 1215 542 §snas-nstzmsttsumt
1222 525 1419 543 ’.ιιιινιῑιὶ
1425 522 1797 544 §nonsummum-es·

963 676 1139 722 LIBER
1174 674 1273 722 VII.

499 861 515 883 «
542 843 649 886 Dico
677 851 817 886 autem
846 842 986 892 vobis,
1016 856 1114 885 vere
1146 849 1245 885 sunt
1278 841 1406 899 aliqui
1434 841 1506 892 hie
1531 847 1692 892 stante}
1725 843 1800 902 qui

433 931 449 953 ι»
463 927 548 955 non
566 913 799 971 gustabunt
825 920 1007 955 mortem
1023 945 1033 962 ,
1067 914 1204 955 donec
1225 912 1398 955 videant
1421 926 1600 971 regnum
1620 911 1743 956 Dei‘.
1770 930 1787 953 ο

489 984 521 1027 Ι.
570 983 747 1043 Semper
783 983 991 1027 Dominus
1038 982 1147 1026 sicut
1195 985 1248 1026 ad
1284 983 1456 1041 praemia
1494 982 1619 1042 erigit
1655 982 1800 1027 sutura

431 1055 661 1109 virtutum,
705 1062 830 1112 atque
873 1055 1022 1097 utilem
1061 1055 1329 1098 saecularium
1364 1069 1508 1098 rerum
1549 1054 1676 1098 docet
1707 1068 1798 1098 esse

431 1134 729 1184 contemptum
765 1141 775 1168 ε
819 1126 874 1169 ita
913 1126 1041 1168 etiam
1072 1125 1365 1169 infirmitatem
1410 1123 1565 1168 mentis
1601 1124 1800 1169 humanae

429 1195 701 1253 praesentium
724 1195 1068 1238 remuneratione
1094 1203 1315 1238 sustentat.
1345 1195 1539 1239 Arduum
1559 1195 1716 1254 quippe
1736 1202 1801 1238 est

431 1281 605 1309 crucem
647 1266 796 1309 tollere
819 1298 830 1315 ‚
872 1274 913 1308 ct
954 1266 1141 1309 animam
1192 1267 1394 1326 periculis
1413 1299 1426 1317 ,
1474 1267 1604 1311 morti
1645 1280 1801 1324 corpus

434 1336 588 1379 offerre
611 1351 621 1379 t
647 1352 801 1395 negare
839 1337 956 1394 quod
985 1337 1065 1388 sis,
1100 1352 1202 1382 cum
1232 1338 1332 1381 velis
1353 1352 1445 1382 esse
1472 1337 1589 1396 quod
1614 1351 1700 1380 non
1717 1334 1800 1385 sinz

431 1423 613 1466 raroque
629 1441 639 1456 ,
662 1408 856 1466 quamvis
876 1410 1042 1452 excelsa
1063 1409 1221 1459 virtus,
1245 1409 1399 1452 suturis
1430 1408 1653 1468 praesentia
1681 1422 1803 1452 com-

432 1489 582 1523 mutat,
611 1479 794 1523 Difficile
817 1480 974 1538 quippe
995 1481 1165 1524 videtur
1185 1480 1456 1531 hominibus,
1482 1487 1530 1524 ut
1549 1494 1666 1540 spem
1688 1479 1802 1540 peri-

434 1551 541 1595 culis
563 1559 708 1611 emant
727 1568 737 1592 :
762 1552 1005 1608 damnoque
1026 1551 1300 1610 praesentium
1319 1551 1471 1595 suturae
1496 1552 1666 1596 lucrum
1687 1565 1803 1594 mer-

435 1628 588 1663 centur
613 1620 760 1663 aetatis.
804 1620 915 1678 Ergo
947 1621 1086 1664 bonus
1112 1629 1155 1664 et
1175 1623 1346 1665 moralis
1379 1621 1582 1681 magister
1615 1637 1669 1665 ne
1705 1621 1801 1679 quis

438 1689 733 1748 desperatione
755 1688 973 1748 frangatur
1005 1699 1076 1753 aut
1107 1692 1261 1741 taedio;
1298 1692 1500 1751 quoniam
1533 1691 1631 1736 vitae
1664 1690 1804 1735 dulcis

437 1760 638 1803 illecebra
661 1768 926 1803 constantem
948 1776 1119 1819 quoque
1139 1763 1300 1806 mulcet
1321 1761 1520 1805 affectum
1535 1794 1548 1812 ,
1577 1760 1804 1806 continuos

434 1831 602 1874 vivendi
624 1846 844 1875 successus
863 1831 1058 1876 fidelibus
1074 1833 1325 1891 pollicetur;
1344 1833 1497 1892 frigent
1519 1832 1635 1876 enim
1656 1832 1804 1876 solatia

435 1902 513 1946 sub
543 1911 660 1945 metu
686 1902 860 1951 mortis,
898 1917 1162 1962 magnusque
1189 1919 1311 1946 amor
1332 1904 1427 1947 vitae
1454 1917 1566 1963 aegre
1580 1902 1805 1946 blanditias

436 1973 523 2031 spei
547 1988 646 2016 cum
671 1974 868 2032 appetilae
889 1975 1035 2018 salutis
1054 1983 1215 2018 terrore
1245 1983 1511 2034 compensat.
1547 1974 1643 2019 Non
1673 1974 1805 2019 hahes

435 2043 564 2101 igitur
590 2044 707 2100 quod
731 2044 948 2101 (ψει-πίε,
982 2060 1068 2087 non
1100 2045 1231 2088 habes
1262 2047 1378 2103 quod
1402 2059 1610 2088 excuses:
1647 2044 1806 2088 arbiter

439 2113 629 2156 omnium
655 2115 774 2157 dedit
795 2123 839 2157 et
865 2115 1011 2158 virtuti
1043 2115 1289 2173 praemium,
1326 2122 1370 2157 et
1406 2113 1641 2158 infirmitati
1671 2128 1806 2158 reme-

438 2185 581 2230 dium:
602 2193 648 2227 nt
664 2185 942 2242 praesentibus
964 2185 1222 2229 sustineatur
1247 2184 1492 2234 infirmitas.
1520 2185 1653 2228 virtus
1684 2184 1804 2228 futu-

439 2255 509 2297 ris.
535 2254 579 2297 Si
596 2255 715 2297 sorti-s
736 2270 796 2304 οε,
811 2264 1037 2298 contemne
1059 2266 1240 2298 mortem
1261 2270 1271 2297 z
1295 2255 1330 2297 si
1353 2254 1577 2298 imbecillis
1595 2269 1663 2304 οε,
1686 2253 1799 2313 fuge.

439 2324 523 2368 Sed
542 2340 667 2368 nemo
685 2333 825 2384 potest
839 2325 987 2384 sugere
1008 2335 1213 2376 mortem,
1235 2325 1316 2369 nisi
1338 2326 1466 2369 vitam
1486 2322 1806 2384 sequatur.Vita

441 2406 512 2439 tua
535 2396 728 2439 Christus
746 2404 836 2446 est,
856 2397 943 2456 ipsa
967 2406 1032 2440 est
1052 2397 1133 2440 vita
1159 2412 1252 2455 quae
1274 2397 1381 2440 mori
1403 2396 1551 2440 nescit.

498 2468 549 2510 ΙΙ.
585 2457 735 2525 ltaque
758 2468 791 2510 si
815 2470 1010 2511 volumus
1035 2476 1217 2511 mortem
1240 2483 1326 2510 non
1349 2468 1524 2519 timere,
1548 2475 1708 2511 stemus
1731 2467 1806 2511 ubi

440 2537 635 2581 Christus
658 2547 746 2588 est;
777 2546 822 2581 ut
843 2546 886 2581 et
912 2540 965 2582 de
988 2539 1110 2581 nobis
1127 2539 1241 2581 dicat
1261 2554 1270 2581 ε
1300 2557 1314 2578 α
1332 2537 1443 2583 Vere
1465 2547 1565 2582 sunt
1585 2537 1712 2597 aliqui
1734 2537 1805 2582 hie

439 2627 455 2649 »
469 2616 650 2656 stantes,
669 2609 741 2666 qui
761 2623 843 2651 non
861 2609 1093 2667 gustabunt
1109 2619 1306 2654 mortem.
1329 2627 1345 2651 ι
1369 2610 1462 2656 Non
1480 2610 1581 2655 satis
1595 2600 1665 2654 est‘
1675 2617 1803 2659 stare,

491 2711 498 2725 ¹
522 2702 600 2734 Luc.
620 2712 664 2741 ix,
685 2713 737 2743 ²7.
