<?xml version="1.0" encoding="UTF-8"?>
<!DOCTYPE html PUBLIC "-//W3C//DTD XHTML 1.0 Transitional//EN"
    "http://www.w3.org/TR/xhtml1/DTD/xhtml1-transitional.dtd">
<html xmlns="http://www.w3.org/1999/xhtml" xml:lang="en" lang="en">
 <head>
  <title>
</title>
<meta http-equiv="Content-Type" content="text/html;charset=utf-8" />
  <meta name='ocr-system' content='tesseract 3.04.00' />
  <meta name='ocr-capabilities' content='ocr_page ocr_carea ocr_par ocr_line ocrx_word'/>
</head>
<body>
  <div class='ocr_page' id='page_1' title='image "./omniaequaeextant05ambruoft_0178.png"; bbox 0 0 1800 3268; ppageno 0'>
   <div class='ocr_carea' id='block_1_1' title="bbox 368 251 1186 302">
    <p class='ocr_par' dir='ltr' id='par_1_1' title="bbox 368 251 1186 302">
     <span class='ocr_line' id='line_1_1' title="bbox 368 251 1186 302; baseline -0.005 -1"><span class='ocrx_word' id='word_1_1' title='bbox 368 256 451 302; x_wconf 80' lang='lat'><strong>168</strong></span> <span class='ocrx_word' id='word_1_2' title='bbox 815 251 830 263; x_wconf 54' lang='lat'>⁸</span> <span class='ocrx_word' id='word_1_3' title='bbox 917 267 950 297; x_wconf 79' lang='lat' dir='ltr'><strong>s.</strong></span> <span class='ocrx_word' id='word_1_4' title='bbox 990 266 1186 298; x_wconf 61' lang='lat' dir='ltr'><strong>sunaosu</strong></span> 
     </span>
    </p>
   </div>
   <div class='ocr_carea' id='block_1_2' title="bbox 362 344 1782 2602">
    <p class='ocr_par' dir='ltr' id='par_1_2' title="bbox 363 344 1782 617">
     <span class='ocr_line' id='line_1_2' title="bbox 364 344 1733 406; baseline 0.001 -15"><span class='ocrx_word' id='word_1_5' title='bbox 364 348 497 391; x_wconf 80' lang='lat' dir='ltr'><strong>ticum</strong></span> <span class='ocrx_word' id='word_1_6' title='bbox 514 380 525 397; x_wconf 89' lang='lat'><em>,</em></span> <span class='ocrx_word' id='word_1_7' title='bbox 548 360 632 405; x_wconf 87' lang='lat' dir='ltr'><strong>quo</strong></span> <span class='ocrx_word' id='word_1_8' title='bbox 646 345 835 406; x_wconf 89' lang='lat' dir='ltr'><strong>primum</strong></span> <span class='ocrx_word' id='word_1_9' title='bbox 859 361 943 390; x_wconf 87' lang='lat' dir='ltr'><strong>non</strong></span> <span class='ocrx_word' id='word_1_10' title='bbox 963 346 1102 390; x_wconf 87' lang='lat' dir='ltr'><strong>inania</strong></span> <span class='ocrx_word' id='word_1_11' title='bbox 1118 344 1242 405; x_wconf 82' lang='lat' dir='ltr'>Legis</span> <span class='ocrx_word' id='word_1_12' title='bbox 1255 376 1268 396; x_wconf 88' lang='lat'><strong>,</strong></span> <span class='ocrx_word' id='word_1_13' title='bbox 1291 345 1367 389; x_wconf 87' lang='lat' dir='ltr'><strong>sed</strong></span> <span class='ocrx_word' id='word_1_14' title='bbox 1385 344 1522 389; x_wconf 77' lang='lat' dir='ltr'><strong>solida</strong></span> <span class='ocrx_word' id='word_1_15' title='bbox 1541 344 1733 392; x_wconf 74' lang='lat' dir='ltr'><strong>utilitatis</strong></span> 
     </span>
     <span class='ocr_line' id='line_1_3' title="bbox 363 416 1782 475; baseline 0.002 -15"><span class='ocrx_word' id='word_1_16' title='bbox 363 417 486 460; x_wconf 89' lang='lat' dir='ltr'><strong>nobis</strong></span> <span class='ocrx_word' id='word_1_17' title='bbox 505 417 720 474; x_wconf 83' lang='lat' dir='ltr'><strong>sequenda</strong></span> <span class='ocrx_word' id='word_1_18' title='bbox 743 417 997 475; x_wconf 88' lang='lat' dir='ltr'><strong>produntur.</strong></span> <span class='ocrx_word' id='word_1_19' title='bbox 1020 417 1184 460; x_wconf 86' lang='lat' dir='ltr'><strong>Deinde</strong></span> <span class='ocrx_word' id='word_1_20' title='bbox 1206 416 1304 474; x_wconf 86' lang='lat' dir='ltr'><strong>quia</strong></span> <span class='ocrx_word' id='word_1_21' title='bbox 1327 416 1462 459; x_wconf 81' lang='lat' dir='ltr'><strong>David</strong></span> <span class='ocrx_word' id='word_1_22' title='bbox 1482 431 1582 460; x_wconf 88' lang='lat' dir='ltr'><strong>cum</strong></span> <span class='ocrx_word' id='word_1_23' title='bbox 1604 417 1731 463; x_wconf 69' lang='lat' dir='ltr'><strong>socii·</strong></span> <span class='ocrx_word' id='word_1_24' title='bbox 1779 416 1782 417; x_wconf 41' lang='lat'><em>⁷</em></span> 
     </span>
     <span class='ocr_line' id='line_1_4' title="bbox 364 486 1732 547; baseline 0.002 -18"><span class='ocrx_word' id='word_1_25' title='bbox 364 487 528 546; x_wconf 82' lang='lat' dir='ltr'><strong>fugiens</strong></span> <span class='ocrx_word' id='word_1_26' title='bbox 547 502 568 530; x_wconf 96' lang='lat' dir='ltr'><strong>a</strong></span> <span class='ocrx_word' id='word_1_27' title='bbox 581 486 688 530; x_wconf 84' lang='lat' dir='ltr'><strong>facie</strong></span> <span class='ocrx_word' id='word_1_28' title='bbox 699 487 808 545; x_wconf 86' lang='lat' dir='ltr'><strong>regis</strong></span> <span class='ocrx_word' id='word_1_29' title='bbox 819 487 920 531; x_wconf 71' lang='lat' dir='ltr'><strong>Saul</strong></span> <span class='ocrx_word' id='word_1_30' title='bbox 937 487 1007 531; x_wconf 88' lang='lat' dir='ltr'><strong>hic</strong></span> <span class='ocrx_word' id='word_1_31' title='bbox 1029 486 1324 547; x_wconf 62' lang='lat' dir='ltr'><strong>praefiguratus</strong></span> <span class='ocrx_word' id='word_1_32' title='bbox 1348 487 1390 530; x_wconf 89' lang='lat' dir='ltr'><strong>in</strong></span> <span class='ocrx_word' id='word_1_33' title='bbox 1408 486 1520 546; x_wconf 83' lang='lat' dir='ltr'><strong>Lege</strong></span> <span class='ocrx_word' id='word_1_34' title='bbox 1538 486 1732 532; x_wconf 72' lang='lat' dir='ltr'><strong>Christus</strong></span> 
     </span>
     <span class='ocr_line' id='line_1_5' title="bbox 364 557 1482 617; baseline 0.001 -16"><span class='ocrx_word' id='word_1_35' title='bbox 364 566 447 607; x_wconf 86' lang='lat' dir='ltr'><strong>est,</strong></span> <span class='ocrx_word' id='word_1_36' title='bbox 462 558 533 615; x_wconf 91' lang='lat' dir='ltr'><strong>qui</strong></span> <span class='ocrx_word' id='word_1_37' title='bbox 557 572 655 601; x_wconf 87' lang='lat' dir='ltr'><strong>cum</strong></span> <span class='ocrx_word' id='word_1_38' title='bbox 678 557 890 616; x_wconf 87' lang='lat' dir='ltr'><strong>Apostolis</strong></span> <span class='ocrx_word' id='word_1_39' title='bbox 904 559 1140 617; x_wconf 87' lang='lat' dir='ltr'><strong>principem</strong></span> <span class='ocrx_word' id='word_1_40' title='bbox 1152 558 1301 601; x_wconf 89' lang='lat' dir='ltr'><strong>mundi</strong></span> <span class='ocrx_word' id='word_1_41' title='bbox 1319 559 1482 602; x_wconf 86' lang='lat' dir='ltr'><strong>lateret.</strong></span> 
     </span>
    </p>

    <p class='ocr_par' dir='ltr' id='par_1_3' title="bbox 362 627 1737 1254">
     <span class='ocr_line' id='line_1_6' title="bbox 421 627 1733 688; baseline 0.003 -18"><span class='ocrx_word' id='word_1_42' title='bbox 421 627 630 671; x_wconf 86' lang='lat' dir='ltr'>XXXIII.</span> <span class='ocrx_word' id='word_1_43' title='bbox 669 628 898 682; x_wconf 88' lang='lat' dir='ltr'><strong>Quomodo</strong></span> <span class='ocrx_word' id='word_1_44' title='bbox 923 637 1063 672; x_wconf 81' lang='lat' dir='ltr'><strong>autem</strong></span> <span class='ocrx_word' id='word_1_45' title='bbox 1083 628 1153 672; x_wconf 88' lang='lat' dir='ltr'><strong>ille</strong></span> <span class='ocrx_word' id='word_1_46' title='bbox 1169 629 1419 671; x_wconf 83' lang='lat' dir='ltr'><strong>observator</strong></span> <span class='ocrx_word' id='word_1_47' title='bbox 1435 627 1577 688; x_wconf 79' lang='lat' dir='ltr'><strong>Legis,</strong></span> <span class='ocrx_word' id='word_1_48' title='bbox 1605 638 1733 688; x_wconf 83' lang='lat' dir='ltr'><strong>atque</strong></span> 
     </span>
     <span class='ocr_line' id='line_1_7' title="bbox 368 698 1732 758; baseline 0.003 -17"><span class='ocrx_word' id='word_1_49' title='bbox 368 698 563 742; x_wconf 77' lang='lat' dir='ltr'><strong>defensor</strong></span> <span class='ocrx_word' id='word_1_50' title='bbox 584 714 713 756; x_wconf 87' lang='lat' dir='ltr'><strong>panes</strong></span> <span class='ocrx_word' id='word_1_51' title='bbox 729 708 772 743; x_wconf 88' lang='lat' dir='ltr'><strong>et</strong></span> <span class='ocrx_word' id='word_1_52' title='bbox 795 700 884 758; x_wconf 91' lang='lat' dir='ltr'><strong>ipse</strong></span> <span class='ocrx_word' id='word_1_53' title='bbox 907 698 1207 748; x_wconf 87' lang='lat' dir='ltr'><strong>manducavit.</strong></span> <span class='ocrx_word' id='word_1_54' title='bbox 1233 707 1276 742; x_wconf 89' lang='lat' dir='ltr'><strong>et</strong></span> <span class='ocrx_word' id='word_1_55' title='bbox 1294 698 1412 742; x_wconf 82' lang='lat' dir='ltr'><strong>dedit</strong></span> <span class='ocrx_word' id='word_1_56' title='bbox 1426 698 1476 742; x_wconf 83' lang='lat' dir='ltr'><strong>iis</strong></span> <span class='ocrx_word' id='word_1_57' title='bbox 1493 700 1565 758; x_wconf 86' lang='lat' dir='ltr'><strong>qui</strong></span> <span class='ocrx_word' id='word_1_58' title='bbox 1586 715 1732 745; x_wconf 81' lang='lat' dir='ltr'><strong>secum</strong></span> 
     </span>
     <span class='ocr_line' id='line_1_8' title="bbox 363 768 1733 827; baseline 0.002 -16"><span class='ocrx_word' id='word_1_59' title='bbox 363 777 508 818; x_wconf 85' lang='lat' dir='ltr'><strong>erant,</strong></span> <span class='ocrx_word' id='word_1_60' title='bbox 531 784 638 827; x_wconf 84' lang='lat' dir='ltr'><strong>quos</strong></span> <span class='ocrx_word' id='word_1_61' title='bbox 666 783 750 812; x_wconf 89' lang='lat' dir='ltr'><strong>non</strong></span> <span class='ocrx_word' id='word_1_62' title='bbox 772 770 932 813; x_wconf 80' lang='lat' dir='ltr'>licebat</span> <span class='ocrx_word' id='word_1_63' title='bbox 951 769 1214 813; x_wconf 88' lang='lat' dir='ltr'><strong>manducare</strong></span> <span class='ocrx_word' id='word_1_64' title='bbox 1241 768 1322 812; x_wconf 89' lang='lat' dir='ltr'><strong>nisi</strong></span> <span class='ocrx_word' id='word_1_65' title='bbox 1345 769 1643 818; x_wconf 86' lang='lat' dir='ltr'><strong>tantummodo</strong></span> <span class='ocrx_word' id='word_1_66' title='bbox 1663 786 1733 815; x_wconf 83' lang='lat' dir='ltr'><strong>sa·</strong></span> 
     </span>
     <span class='ocr_line' id='line_1_9' title="bbox 364 838 1733 899; baseline 0.002 -18"><span class='ocrx_word' id='word_1_67' title='bbox 364 840 610 883; x_wconf 85' lang='lat' dir='ltr'><strong>cerdotibus</strong></span> <span class='ocrx_word' id='word_1_68' title='bbox 623 872 634 888; x_wconf 84' lang='lat'>,</span> <span class='ocrx_word' id='word_1_69' title='bbox 653 839 732 883; x_wconf 89' lang='lat' dir='ltr'><strong>nisi</strong></span> <span class='ocrx_word' id='word_1_70' title='bbox 751 849 798 883; x_wconf 89' lang='lat' dir='ltr'><strong>ut</strong></span> <span class='ocrx_word' id='word_1_71' title='bbox 814 856 890 899; x_wconf 85' lang='lat' dir='ltr'><strong>per</strong></span> <span class='ocrx_word' id='word_1_72' title='bbox 908 840 1021 883; x_wconf 89' lang='lat' dir='ltr'><strong>illam</strong></span> <span class='ocrx_word' id='word_1_73' title='bbox 1040 839 1352 883; x_wconf 78' lang='lat' dir='ltr'><strong>demonstraret</strong></span> <span class='ocrx_word' id='word_1_74' title='bbox 1369 838 1570 898; x_wconf 81' lang='lat' dir='ltr'><strong>figuram.</strong></span> <span class='ocrx_word' id='word_1_75' title='bbox 1589 855 1733 886; x_wconf 76' lang='lat' dir='ltr'><strong>sacer-</strong></span> 
     </span>
     <span class='ocr_line' id='line_1_10' title="bbox 362 909 1733 970; baseline 0.003 -18"><span class='ocrx_word' id='word_1_76' title='bbox 362 909 550 952; x_wconf 76' lang='lat' dir='ltr'><strong>dotalem</strong></span> <span class='ocrx_word' id='word_1_77' title='bbox 581 910 726 953; x_wconf 91' lang='lat' dir='ltr'><strong>cibum</strong></span> <span class='ocrx_word' id='word_1_78' title='bbox 762 911 816 954; x_wconf 87' lang='lat' dir='ltr'><strong>ad</strong></span> <span class='ocrx_word' id='word_1_79' title='bbox 853 925 976 954; x_wconf 91' lang='lat' dir='ltr'><strong>usum</strong></span> <span class='ocrx_word' id='word_1_80' title='bbox 1006 911 1284 954; x_wconf 87' lang='lat' dir='ltr'><strong>transiturum</strong></span> <span class='ocrx_word' id='word_1_81' title='bbox 1315 926 1408 955; x_wconf 88' lang='lat' dir='ltr'><strong>esse</strong></span> <span class='ocrx_word' id='word_1_82' title='bbox 1442 911 1733 970; x_wconf 71' lang='lat' dir='ltr'><strong>populorum?</strong></span> 
     </span>
     <span class='ocr_line' id='line_1_11' title="bbox 362 980 1730 1039; baseline 0.001 -15"><span class='ocrx_word' id='word_1_83' title='bbox 362 981 461 1025; x_wconf 90' lang='lat' dir='ltr'><strong>Sive</strong></span> <span class='ocrx_word' id='word_1_84' title='bbox 491 983 607 1039; x_wconf 88' lang='lat' dir='ltr'><strong>quod</strong></span> <span class='ocrx_word' id='word_1_85' title='bbox 635 996 783 1025; x_wconf 91' lang='lat' dir='ltr'><strong>omnes</strong></span> <span class='ocrx_word' id='word_1_86' title='bbox 805 982 934 1025; x_wconf 84' lang='lat' dir='ltr'><strong>vitam</strong></span> <span class='ocrx_word' id='word_1_87' title='bbox 956 983 1266 1026; x_wconf 87' lang='lat' dir='ltr'><strong>sacerdotalem</strong></span> <span class='ocrx_word' id='word_1_88' title='bbox 1296 983 1509 1027; x_wconf 85' lang='lat' dir='ltr'><strong>debemus</strong></span> <span class='ocrx_word' id='word_1_89' title='bbox 1529 980 1730 1031; x_wconf 73' lang='lat' dir='ltr'><strong>imitari:</strong></span> 
     </span>
     <span class='ocr_line' id='line_1_12' title="bbox 366 1052 1737 1114; baseline 0.001 -18"><span class='ocrx_word' id='word_1_90' title='bbox 366 1052 453 1097; x_wconf 89' lang='lat' dir='ltr'><strong>sive</strong></span> <span class='ocrx_word' id='word_1_91' title='bbox 484 1053 583 1111; x_wconf 87' lang='lat' dir='ltr'><strong>quia</strong></span> <span class='ocrx_word' id='word_1_92' title='bbox 614 1068 762 1097; x_wconf 89' lang='lat' dir='ltr'><strong>omnes</strong></span> <span class='ocrx_word' id='word_1_93' title='bbox 788 1053 863 1097; x_wconf 86' lang='lat' dir='ltr'><strong>filii</strong></span> <span class='ocrx_word' id='word_1_94' title='bbox 883 1054 1084 1098; x_wconf 73' lang='lat' dir='ltr'><strong>Ecclesiae</strong></span> <span class='ocrx_word' id='word_1_95' title='bbox 1117 1054 1359 1098; x_wconf 82' lang='lat' dir='ltr'><strong>sacerdotes</strong></span> <span class='ocrx_word' id='word_1_96' title='bbox 1380 1063 1505 1104; x_wconf 76' lang='lat' dir='ltr'><strong>sunt3</strong></span> <span class='ocrx_word' id='word_1_97' title='bbox 1533 1055 1737 1114; x_wconf 82' lang='lat' dir='ltr'><strong>ungimur</strong></span> 
     </span>
     <span class='ocr_line' id='line_1_13' title="bbox 368 1124 1734 1186; baseline 0.001 -18"><span class='ocrx_word' id='word_1_98' title='bbox 368 1124 483 1168; x_wconf 91' lang='lat' dir='ltr'><strong>enim</strong></span> <span class='ocrx_word' id='word_1_99' title='bbox 514 1124 559 1167; x_wconf 88' lang='lat' dir='ltr'><strong>in</strong></span> <span class='ocrx_word' id='word_1_100' title='bbox 589 1124 877 1167; x_wconf 76' lang='lat' dir='ltr'><strong>sacerdotium</strong></span> <span class='ocrx_word' id='word_1_101' title='bbox 914 1133 1107 1168; x_wconf 88' lang='lat' dir='ltr'><strong>sanctum</strong></span> <span class='ocrx_word' id='word_1_102' title='bbox 1133 1157 1145 1174; x_wconf 91' lang='lat'><strong>,</strong></span> <span class='ocrx_word' id='word_1_103' title='bbox 1188 1124 1417 1170; x_wconf 78' lang='lat' dir='ltr'><strong>offerentes</strong></span> <span class='ocrx_word' id='word_1_104' title='bbox 1450 1125 1734 1186; x_wconf 82' lang='lat' dir='ltr'><strong>nosmetipsos</strong></span> 
     </span>
     <span class='ocr_line' id='line_1_14' title="bbox 368 1194 886 1254; baseline -0.004 -13"><span class='ocrx_word' id='word_1_105' title='bbox 368 1197 460 1241; x_wconf 91' lang='lat' dir='ltr'><strong>Deo</strong></span> <span class='ocrx_word' id='word_1_106' title='bbox 479 1194 638 1239; x_wconf 88' lang='lat' dir='ltr'><strong>hostias</strong></span> <span class='ocrx_word' id='word_1_107' title='bbox 663 1195 886 1254; x_wconf 87' lang='lat' dir='ltr'><strong>spiritales.</strong></span> 
     </span>
    </p>

    <p class='ocr_par' dir='ltr' id='par_1_4' title="bbox 370 1266 1743 1749">
     <span class='ocr_line' id='line_1_15' title="bbox 421 1266 1738 1326; baseline 0.001 -14"><span class='ocrx_word' id='word_1_108' title='bbox 421 1266 626 1312; x_wconf 87' lang='lat' dir='ltr'>XXXIV.</span> <span class='ocrx_word' id='word_1_109' title='bbox 641 1266 740 1323; x_wconf 81' lang='lat' dir='ltr'><strong>Legi</strong></span> <span class='ocrx_word' id='word_1_110' title='bbox 753 1266 880 1325; x_wconf 82' lang='lat' dir='ltr'><strong>igitur</strong></span> <span class='ocrx_word' id='word_1_111' title='bbox 890 1266 975 1324; x_wconf 88' lang='lat' dir='ltr'><strong>jam</strong></span> <span class='ocrx_word' id='word_1_112' title='bbox 989 1267 1253 1326; x_wconf 86' lang='lat' dir='ltr'><strong>supereffluit</strong></span> <span class='ocrx_word' id='word_1_113' title='bbox 1263 1266 1458 1311; x_wconf 87' lang='lat' dir='ltr'><strong>doctrina</strong></span> <span class='ocrx_word' id='word_1_114' title='bbox 1470 1266 1645 1320; x_wconf 85' lang='lat' dir='ltr'><strong>Christi,</strong></span> <span class='ocrx_word' id='word_1_115' title='bbox 1658 1282 1738 1313; x_wconf 81' lang='lat' dir='ltr'><strong>nec</strong></span> 
     </span>
     <span class='ocr_line' id='line_1_16' title="bbox 370 1336 1740 1398; baseline 0 -16"><span class='ocrx_word' id='word_1_116' title='bbox 370 1340 526 1398; x_wconf 85' lang='lat' dir='ltr'><strong>Legem</strong></span> <span class='ocrx_word' id='word_1_117' title='bbox 537 1337 677 1387; x_wconf 86' lang='lat' dir='ltr'><strong>solvit,</strong></span> <span class='ocrx_word' id='word_1_118' title='bbox 691 1338 766 1380; x_wconf 86' lang='lat' dir='ltr'><strong>sed</strong></span> <span class='ocrx_word' id='word_1_119' title='bbox 782 1337 952 1395; x_wconf 85' lang='lat' dir='ltr'><strong>implet;</strong></span> <span class='ocrx_word' id='word_1_120' title='bbox 967 1338 1063 1396; x_wconf 76' lang='lat' dir='ltr'><strong>quia</strong></span> <span class='ocrx_word' id='word_1_121' title='bbox 1082 1353 1161 1382; x_wconf 89' lang='lat' dir='ltr'><strong>nec</strong></span> <span class='ocrx_word' id='word_1_122' title='bbox 1179 1338 1404 1381; x_wconf 81' lang='lat' dir='ltr'><strong>sabbatum</strong></span> <span class='ocrx_word' id='word_1_123' title='bbox 1416 1337 1553 1382; x_wconf 84' lang='lat' dir='ltr'><strong>solvit.</strong></span> <span class='ocrx_word' id='word_1_124' title='bbox 1570 1336 1614 1382; x_wconf 90' lang='lat' dir='ltr'><strong>Si</strong></span> <span class='ocrx_word' id='word_1_125' title='bbox 1624 1337 1740 1382; x_wconf 80' lang='lat' dir='ltr'><strong>enim</strong></span> 
     </span>
     <span class='ocr_line' id='line_1_17' title="bbox 374 1408 1742 1467; baseline -0.002 -13"><span class='ocrx_word' id='word_1_126' title='bbox 374 1411 598 1454; x_wconf 82' lang='lat' dir='ltr'><strong>sabbatum</strong></span> <span class='ocrx_word' id='word_1_127' title='bbox 609 1415 785 1467; x_wconf 80' lang='lat' dir='ltr'><strong>propter</strong></span> <span class='ocrx_word' id='word_1_128' title='bbox 795 1408 993 1452; x_wconf 87' lang='lat' dir='ltr'><strong>homines</strong></span> <span class='ocrx_word' id='word_1_129' title='bbox 1010 1408 1169 1452; x_wconf 87' lang='lat' dir='ltr'><strong>sactum</strong></span> <span class='ocrx_word' id='word_1_130' title='bbox 1181 1416 1242 1451; x_wconf 86' lang='lat' dir='ltr'><strong>est</strong></span> <span class='ocrx_word' id='word_1_131' title='bbox 1260 1423 1271 1451; x_wconf 74' lang='lat' dir='ltr'><strong><em>z</em></strong></span> <span class='ocrx_word' id='word_1_132' title='bbox 1288 1408 1445 1465; x_wconf 83' lang='lat' dir='ltr'><strong>utilitas</strong></span> <span class='ocrx_word' id='word_1_133' title='bbox 1457 1408 1742 1453; x_wconf 71' lang='lat' dir='ltr'><strong>auteuihomi-</strong></span> 
     </span>
     <span class='ocr_line' id='line_1_18' title="bbox 374 1478 1740 1538; baseline -0.001 -12"><span class='ocrx_word' id='word_1_134' title='bbox 374 1483 440 1526; x_wconf 86' lang='lat' dir='ltr'><strong>nis</strong></span> <span class='ocrx_word' id='word_1_135' title='bbox 466 1480 711 1538; x_wconf 79' lang='lat' dir='ltr'><strong>postulabat</strong></span> <span class='ocrx_word' id='word_1_136' title='bbox 735 1480 994 1523; x_wconf 76' lang='lat' dir='ltr'><strong>esurientem</strong></span> <span class='ocrx_word' id='word_1_137' title='bbox 1018 1479 1232 1523; x_wconf 89' lang='lat' dir='ltr'><strong>hominem</strong></span> <span class='ocrx_word' id='word_1_138' title='bbox 1256 1479 1330 1537; x_wconf 89' lang='lat' dir='ltr'><strong>qui</strong></span> <span class='ocrx_word' id='word_1_139' title='bbox 1359 1478 1432 1523; x_wconf 86' lang='lat' dir='ltr'><strong>diu</strong></span> <span class='ocrx_word' id='word_1_140' title='bbox 1453 1478 1591 1523; x_wconf 78' lang='lat' dir='ltr'><strong>fuerat</strong></span> <span class='ocrx_word' id='word_1_141' title='bbox 1619 1488 1740 1524; x_wconf 78' lang='lat' dir='ltr'><strong>terrae</strong></span> 
     </span>
     <span class='ocr_line' id='line_1_19' title="bbox 374 1549 1742 1609; baseline 0 -15"><span class='ocrx_word' id='word_1_142' title='bbox 374 1551 585 1594; x_wconf 83' lang='lat' dir='ltr'><strong>fructibus</strong></span> <span class='ocrx_word' id='word_1_143' title='bbox 601 1549 837 1600; x_wconf 84' lang='lat' dir='ltr'><strong>abdicatus,</strong></span> <span class='ocrx_word' id='word_1_144' title='bbox 850 1550 1003 1593; x_wconf 87' lang='lat' dir='ltr'><strong>veteris</strong></span> <span class='ocrx_word' id='word_1_145' title='bbox 1016 1550 1140 1593; x_wconf 87' lang='lat' dir='ltr'><strong>samis</strong></span> <span class='ocrx_word' id='word_1_146' title='bbox 1150 1550 1311 1607; x_wconf 89' lang='lat' dir='ltr'><strong>jejunia</strong></span> <span class='ocrx_word' id='word_1_147' title='bbox 1325 1549 1458 1593; x_wconf 83' lang='lat' dir='ltr'><strong>vitare</strong></span> <span class='ocrx_word' id='word_1_148' title='bbox 1470 1566 1484 1600; x_wconf 83' lang='lat'>;</span> <span class='ocrx_word' id='word_1_149' title='bbox 1498 1565 1584 1594; x_wconf 89' lang='lat' dir='ltr'><strong>non</strong></span> <span class='ocrx_word' id='word_1_150' title='bbox 1596 1550 1742 1609; x_wconf 83' lang='lat' dir='ltr'><strong>utique</strong></span> 
     </span>
     <span class='ocr_line' id='line_1_20' title="bbox 373 1619 1743 1678; baseline -0.001 -11"><span class='ocrx_word' id='word_1_151' title='bbox 373 1623 463 1667; x_wconf 85' lang='lat' dir='ltr'><strong>Lex</strong></span> <span class='ocrx_word' id='word_1_152' title='bbox 483 1620 684 1669; x_wconf 89' lang='lat' dir='ltr'><strong>solvitur,</strong></span> <span class='ocrx_word' id='word_1_153' title='bbox 714 1621 790 1663; x_wconf 89' lang='lat' dir='ltr'><strong>sed</strong></span> <span class='ocrx_word' id='word_1_154' title='bbox 816 1619 1031 1678; x_wconf 88' lang='lat' dir='ltr'><strong>impletur.</strong></span> <span class='ocrx_word' id='word_1_155' title='bbox 1060 1621 1290 1672; x_wconf 88' lang='lat' dir='ltr'><strong>Quomodo</strong></span> <span class='ocrx_word' id='word_1_156' title='bbox 1319 1620 1449 1676; x_wconf 85' lang='lat' dir='ltr'><strong>igitur</strong></span> <span class='ocrx_word' id='word_1_157' title='bbox 1474 1619 1659 1664; x_wconf 88' lang='lat' dir='ltr'><strong>Domino</strong></span> <span class='ocrx_word' id='word_1_158' title='bbox 1687 1621 1743 1666; x_wconf 75' lang='lat' dir='ltr'><strong>ad</strong></span> 
     </span>
     <span class='ocr_line' id='line_1_21' title="bbox 375 1690 1740 1749; baseline -0.001 -13"><span class='ocrx_word' id='word_1_159' title='bbox 375 1692 538 1736; x_wconf 84' lang='lat' dir='ltr'><strong>crimen</strong></span> <span class='ocrx_word' id='word_1_160' title='bbox 551 1690 769 1748; x_wconf 81' lang='lat' dir='ltr'><strong>objicitur,</strong></span> <span class='ocrx_word' id='word_1_161' title='bbox 784 1690 900 1748; x_wconf 90' lang='lat' dir='ltr'><strong>quod</strong></span> <span class='ocrx_word' id='word_1_162' title='bbox 924 1691 967 1733; x_wconf 93' lang='lat' dir='ltr'><strong>in</strong></span> <span class='ocrx_word' id='word_1_163' title='bbox 987 1705 1109 1733; x_wconf 84' lang='lat' dir='ltr'><strong>servo</strong></span> <span class='ocrx_word' id='word_1_164' title='bbox 1132 1706 1209 1749; x_wconf 90' lang='lat' dir='ltr'><strong>pro</strong></span> <span class='ocrx_word' id='word_1_165' title='bbox 1233 1690 1413 1734; x_wconf 89' lang='lat' dir='ltr'><strong>crimine</strong></span> <span class='ocrx_word' id='word_1_166' title='bbox 1429 1704 1516 1734; x_wconf 91' lang='lat' dir='ltr'><strong>non</strong></span> <span class='ocrx_word' id='word_1_167' title='bbox 1540 1691 1740 1735; x_wconf 75' lang='lat' dir='ltr'><strong>tenetur?</strong></span> 
     </span>
    </p>

    <p class='ocr_par' dir='ltr' id='par_1_5' title="bbox 372 1747 1745 2173">
     <span class='ocr_line' id='line_1_22' title="bbox 434 1747 1745 1820; baseline -0.001 -13"><span class='ocrx_word' id='word_1_168' title='bbox 434 1747 619 1807; x_wconf 85' lang='lat' dir='ltr'>XXXV.</span> <span class='ocrx_word' id='word_1_169' title='bbox 658 1760 773 1813; x_wconf 84' lang='lat' dir='ltr'><strong>Quid</strong></span> <span class='ocrx_word' id='word_1_170' title='bbox 802 1770 943 1804; x_wconf 85' lang='lat' dir='ltr'><strong>autem</strong></span> <span class='ocrx_word' id='word_1_171' title='bbox 976 1761 1215 1805; x_wconf 87' lang='lat' dir='ltr'><strong>evidentius</strong></span> <span class='ocrx_word' id='word_1_172' title='bbox 1244 1762 1325 1804; x_wconf 84' lang='lat' dir='ltr'><strong>hac</strong></span> <span class='ocrx_word' id='word_1_173' title='bbox 1347 1760 1513 1820; x_wconf 86' lang='lat' dir='ltr'><strong>figura,</strong></span> <span class='ocrx_word' id='word_1_174' title='bbox 1547 1777 1641 1820; x_wconf 81' lang='lat' dir='ltr'><strong>quae</strong></span> <span class='ocrx_word' id='word_1_175' title='bbox 1667 1777 1745 1820; x_wconf 83' lang='lat' dir='ltr'><strong>per</strong></span> 
     </span>
     <span class='ocr_line' id='line_1_23' title="bbox 376 1831 1744 1883; baseline -0.001 -6"><span class='ocrx_word' id='word_1_176' title='bbox 376 1842 509 1877; x_wconf 79' lang='lat' dir='ltr'><strong>totam</strong></span> <span class='ocrx_word' id='word_1_177' title='bbox 535 1831 670 1876; x_wconf 82' lang='lat' dir='ltr'><strong>currit</strong></span> <span class='ocrx_word' id='word_1_178' title='bbox 691 1831 947 1874; x_wconf 68' lang='lat' dir='ltr'><strong>historiam?</strong></span> <span class='ocrx_word' id='word_1_179' title='bbox 976 1831 1153 1875; x_wconf 76' lang='lat' dir='ltr'><strong>intravit</strong></span> <span class='ocrx_word' id='word_1_180' title='bbox 1178 1831 1314 1875; x_wconf 82' lang='lat' dir='ltr'><strong>David</strong></span> <span class='ocrx_word' id='word_1_181' title='bbox 1342 1831 1385 1874; x_wconf 90' lang='lat' dir='ltr'><strong>iu</strong></span> <span class='ocrx_word' id='word_1_182' title='bbox 1408 1832 1585 1875; x_wconf 86' lang='lat' dir='ltr'><strong>domum</strong></span> <span class='ocrx_word' id='word_1_183' title='bbox 1609 1831 1744 1883; x_wconf 81' lang='lat' dir='ltr'><strong>Achi-</strong></span> 
     </span>
     <span class='ocr_line' id='line_1_24' title="bbox 375 1901 1743 1961; baseline -0.001 -13"><span class='ocrx_word' id='word_1_184' title='bbox 375 1902 542 1948; x_wconf 89' lang='lat' dir='ltr'><strong>melech</strong></span> <span class='ocrx_word' id='word_1_185' title='bbox 579 1902 812 1946; x_wconf 85' lang='lat' dir='ltr'><strong>sacerdotis</strong></span> <span class='ocrx_word' id='word_1_186' title='bbox 839 1918 850 1944; x_wconf 68' lang='grc' dir='ltr'><em>ε</em></span> <span class='ocrx_word' id='word_1_187' title='bbox 878 1904 952 1946; x_wconf 89' lang='lat' dir='ltr'><strong>sed</strong></span> <span class='ocrx_word' id='word_1_188' title='bbox 982 1917 1060 1946; x_wconf 88' lang='lat' dir='ltr'><strong>nec</strong></span> <span class='ocrx_word' id='word_1_189' title='bbox 1094 1902 1287 1961; x_wconf 86' lang='lat' dir='ltr'><strong>periculo</strong></span> <span class='ocrx_word' id='word_1_190' title='bbox 1313 1901 1464 1946; x_wconf 89' lang='lat' dir='ltr'><strong>mortis</strong></span> <span class='ocrx_word' id='word_1_191' title='bbox 1495 1901 1743 1961; x_wconf 84' lang='lat' dir='ltr'><strong>proposito,</strong></span> 
     </span>
     <span class='ocr_line' id='line_1_25' title="bbox 372 1972 1745 2034; baseline -0.001 -14"><span class='ocrx_word' id='word_1_192' title='bbox 372 1975 581 2034; x_wconf 80' lang='lat' dir='ltr'><strong>hospitem</strong></span> <span class='ocrx_word' id='word_1_193' title='bbox 604 1982 794 2023; x_wconf 86' lang='lat' dir='ltr'><strong>recusat,</strong></span> <span class='ocrx_word' id='word_1_194' title='bbox 823 1988 904 2017; x_wconf 88' lang='lat' dir='ltr'><strong>nec</strong></span> <span class='ocrx_word' id='word_1_195' title='bbox 934 1973 1121 2018; x_wconf 82' lang='lat' dir='ltr'><strong>declinat</strong></span> <span class='ocrx_word' id='word_1_196' title='bbox 1142 1975 1310 2018; x_wconf 86' lang='lat' dir='ltr'><strong>exulem</strong></span> <span class='ocrx_word' id='word_1_197' title='bbox 1329 1972 1464 2017; x_wconf 81' lang='lat' dir='ltr'><strong>sancti</strong></span> <span class='ocrx_word' id='word_1_198' title='bbox 1491 1972 1657 2018; x_wconf 81' lang='lat' dir='ltr'><strong>animus</strong></span> <span class='ocrx_word' id='word_1_199' title='bbox 1676 1989 1745 2018; x_wconf 79' lang='lat' dir='ltr'><strong>sa-</strong></span> 
     </span>
     <span class='ocr_line' id='line_1_26' title="bbox 373 2044 1744 2103; baseline 0.001 -12"><span class='ocrx_word' id='word_1_200' title='bbox 373 2045 572 2091; x_wconf 88' lang='lat' dir='ltr'><strong>cerdotis.</strong></span> <span class='ocrx_word' id='word_1_201' title='bbox 594 2045 732 2088; x_wconf 75' lang='lat' dir='ltr'><strong>Tanta</strong></span> <span class='ocrx_word' id='word_1_202' title='bbox 751 2045 1051 2103; x_wconf 80' lang='lat' dir='ltr'><strong>hospitalitatis</strong></span> <span class='ocrx_word' id='word_1_203' title='bbox 1069 2053 1133 2088; x_wconf 88' lang='lat' dir='ltr'><strong>est</strong></span> <span class='ocrx_word' id='word_1_204' title='bbox 1152 2045 1287 2103; x_wconf 82' lang='lat' dir='ltr'><strong>gratia</strong></span> <span class='ocrx_word' id='word_1_205' title='bbox 1302 2077 1315 2094; x_wconf 90' lang='lat'><em>,</em></span> <span class='ocrx_word' id='word_1_206' title='bbox 1336 2053 1384 2088; x_wconf 88' lang='lat' dir='ltr'><strong>ut</strong></span> <span class='ocrx_word' id='word_1_207' title='bbox 1404 2044 1590 2088; x_wconf 84' lang='lat' dir='ltr'><strong>libenter</strong></span> <span class='ocrx_word' id='word_1_208' title='bbox 1606 2044 1649 2088; x_wconf 88' lang='lat' dir='ltr'><strong>in</strong></span> <span class='ocrx_word' id='word_1_209' title='bbox 1666 2061 1744 2092; x_wconf 71' lang='lat' dir='ltr'><strong>nos</strong></span> 
     </span>
     <span class='ocr_line' id='line_1_27' title="bbox 374 2115 1064 2173; baseline -0.004 -12"><span class='ocrx_word' id='word_1_210' title='bbox 374 2117 509 2161; x_wconf 81' lang='lat' dir='ltr'><strong>aliena</strong></span> <span class='ocrx_word' id='word_1_211' title='bbox 530 2115 719 2173; x_wconf 84' lang='lat' dir='ltr'><strong>pericula</strong></span> <span class='ocrx_word' id='word_1_212' title='bbox 749 2115 1064 2159; x_wconf 81' lang='lat' dir='ltr'><strong>transferamus.</strong></span> 
     </span>
    </p>

    <p class='ocr_par' dir='ltr' id='par_1_6' title="bbox 365 2184 1748 2602">
     <span class='ocr_line' id='line_1_28' title="bbox 432 2184 1741 2247; baseline 0.002 -16"><span class='ocrx_word' id='word_1_213' title='bbox 432 2184 638 2231; x_wconf 84' lang='lat' dir='ltr'>XXXVI.</span> <span class='ocrx_word' id='word_1_214' title='bbox 680 2185 836 2230; x_wconf 90' lang='lat' dir='ltr'><strong>Verum</strong></span> <span class='ocrx_word' id='word_1_215' title='bbox 860 2185 943 2229; x_wconf 90' lang='lat' dir='ltr'><strong>hoc</strong></span> <span class='ocrx_word' id='word_1_216' title='bbox 974 2186 1017 2229; x_wconf 90' lang='lat' dir='ltr'><strong>in</strong></span> <span class='ocrx_word' id='word_1_217' title='bbox 1048 2185 1221 2229; x_wconf 87' lang='lat' dir='ltr'><strong>historia</strong></span> <span class='ocrx_word' id='word_1_218' title='bbox 1249 2187 1432 2239; x_wconf 86' lang='lat' dir='ltr'><strong>morale,</strong></span> <span class='ocrx_word' id='word_1_219' title='bbox 1461 2187 1503 2231; x_wconf 92' lang='lat' dir='ltr'><strong>in</strong></span> <span class='ocrx_word' id='word_1_220' title='bbox 1535 2188 1741 2247; x_wconf 81' lang='lat' dir='ltr'><strong>mysterio</strong></span> 
     </span>
     <span class='ocr_line' id='line_1_29' title="bbox 367 2257 1746 2318; baseline 0.002 -16"><span class='ocrx_word' id='word_1_221' title='bbox 367 2257 672 2318; x_wconf 82' lang='lat' dir='ltr'><strong>prophetatum</strong></span> <span class='ocrx_word' id='word_1_222' title='bbox 691 2264 776 2305; x_wconf 87' lang='lat' dir='ltr'><strong>est,</strong></span> <span class='ocrx_word' id='word_1_223' title='bbox 796 2257 911 2314; x_wconf 89' lang='lat' dir='ltr'><strong>quod</strong></span> <span class='ocrx_word' id='word_1_224' title='bbox 934 2272 1012 2301; x_wconf 88' lang='lat' dir='ltr'><strong>nec</strong></span> <span class='ocrx_word' id='word_1_225' title='bbox 1037 2265 1295 2315; x_wconf 63' lang='lat' dir='ltr'><strong>praesumpto</strong></span> <span class='ocrx_word' id='word_1_226' title='bbox 1316 2257 1469 2302; x_wconf 84' lang='lat' dir='ltr'><strong>suturae</strong></span> <span class='ocrx_word' id='word_1_227' title='bbox 1490 2260 1642 2304; x_wconf 85' lang='lat' dir='ltr'><strong>mortis</strong></span> <span class='ocrx_word' id='word_1_228' title='bbox 1661 2260 1746 2305; x_wconf 81' lang='lat' dir='ltr'><strong>exi·</strong></span> 
     </span>
     <span class='ocr_line' id='line_1_30' title="bbox 366 2327 1744 2389; baseline 0.002 -16"><span class='ocrx_word' id='word_1_229' title='bbox 366 2331 444 2379; x_wconf 84' lang='lat' dir='ltr'><strong>tio,</strong></span> <span class='ocrx_word' id='word_1_230' title='bbox 464 2343 614 2372; x_wconf 86' lang='lat' dir='ltr'><strong>verum</strong></span> <span class='ocrx_word' id='word_1_231' title='bbox 634 2328 752 2370; x_wconf 89' lang='lat' dir='ltr'><strong>illum</strong></span> <span class='ocrx_word' id='word_1_232' title='bbox 769 2328 905 2371; x_wconf 84' lang='lat' dir='ltr'><strong>David</strong></span> <span class='ocrx_word' id='word_1_233' title='bbox 922 2327 1106 2387; x_wconf 88' lang='lat' dir='ltr'><strong>hospitio</strong></span> <span class='ocrx_word' id='word_1_234' title='bbox 1123 2343 1208 2370; x_wconf 81' lang='lat' dir='ltr'><strong>suae</strong></span> <span class='ocrx_word' id='word_1_235' title='bbox 1225 2328 1379 2372; x_wconf 87' lang='lat' dir='ltr'><strong>mentis</strong></span> <span class='ocrx_word' id='word_1_236' title='bbox 1397 2330 1581 2389; x_wconf 86' lang='lat' dir='ltr'><strong>religiosi</strong></span> <span class='ocrx_word' id='word_1_237' title='bbox 1603 2331 1744 2376; x_wconf 83' lang='lat' dir='ltr'><strong>exclu-</strong></span> 
     </span>
     <span class='ocr_line' id='line_1_31' title="bbox 367 2396 1748 2458; baseline 0.001 -12"><span class='ocrx_word' id='word_1_238' title='bbox 367 2403 524 2446; x_wconf 84' lang='lat' dir='ltr'><strong>derent</strong></span> <span class='ocrx_word' id='word_1_239' title='bbox 550 2401 807 2443; x_wconf 87' lang='lat' dir='ltr'><strong>sacerdotes.</strong></span> <span class='ocrx_word' id='word_1_240' title='bbox 833 2398 922 2443; x_wconf 89' lang='lat' dir='ltr'><strong>Nec</strong></span> <span class='ocrx_word' id='word_1_241' title='bbox 948 2400 1088 2442; x_wconf 90' lang='lat' dir='ltr'><strong>solum</strong></span> <span class='ocrx_word' id='word_1_242' title='bbox 1112 2398 1155 2441; x_wconf 94' lang='lat' dir='ltr'><strong>in</strong></span> <span class='ocrx_word' id='word_1_243' title='bbox 1177 2398 1387 2458; x_wconf 87' lang='lat' dir='ltr'><strong>cujusque</strong></span> <span class='ocrx_word' id='word_1_244' title='bbox 1405 2396 1534 2444; x_wconf 72' lang='lat' dir='ltr'><strong>ddmo</strong></span> <span class='ocrx_word' id='word_1_245' title='bbox 1555 2399 1662 2447; x_wconf 67' lang='lat' dir='ltr'><strong>vatin</strong></span> <span class='ocrx_word' id='word_1_246' title='bbox 1679 2417 1748 2446; x_wconf 85' lang='lat' dir='ltr'><strong>re-</strong></span> 
     </span>
     <span class='ocr_line' id='line_1_32' title="bbox 365 2468 1748 2532; baseline 0.003 -18"><span class='ocrx_word' id='word_1_247' title='bbox 365 2479 570 2531; x_wconf 84' lang='lat' dir='ltr'><strong>perturus</strong></span> <span class='ocrx_word' id='word_1_248' title='bbox 618 2471 797 2513; x_wconf 88' lang='lat' dir='ltr'><strong>docetur</strong></span> <span class='ocrx_word' id='word_1_249' title='bbox 835 2469 1033 2513; x_wconf 85' lang='lat' dir='ltr'><strong>Christus</strong></span> <span class='ocrx_word' id='word_1_250' title='bbox 1075 2468 1122 2512; x_wconf 76' lang='lat' dir='ltr'><strong>h&lt;</strong></span> <span class='ocrx_word' id='word_1_251' title='bbox 1134 2468 1306 2525; x_wconf 84' lang='lat' dir='ltr'><strong>spitium</strong></span> <span class='ocrx_word' id='word_1_252' title='bbox 1340 2485 1351 2512; x_wconf 90' lang='lat'><strong>:</strong></span> <span class='ocrx_word' id='word_1_253' title='bbox 1387 2471 1464 2515; x_wconf 87' lang='lat' dir='ltr'><strong>sed</strong></span> <span class='ocrx_word' id='word_1_254' title='bbox 1503 2471 1633 2516; x_wconf 79' lang='lat' dir='ltr'><strong>etiam</strong></span> <span class='ocrx_word' id='word_1_255' title='bbox 1668 2487 1748 2532; x_wconf 80' lang='lat' dir='ltr'><strong>per</strong></span> 
     </span>
     <span class='ocr_line' id='line_1_33' title="bbox 366 2538 1742 2602; baseline 0.002 -18"><span class='ocrx_word' id='word_1_256' title='bbox 366 2540 549 2600; x_wconf 79' lang='lat' dir='ltr'><strong>figuram</strong></span> <span class='ocrx_word' id='word_1_257' title='bbox 572 2539 772 2597; x_wconf 81' lang='lat' dir='ltr'><strong>nequitiae</strong></span> <span class='ocrx_word' id='word_1_258' title='bbox 798 2539 999 2598; x_wconf 77' lang='lat' dir='ltr'><strong>spiritalis</strong></span> <span class='ocrx_word' id='word_1_259' title='bbox 1020 2538 1243 2582; x_wconf 87' lang='lat' dir='ltr'><strong>manubias</strong></span> <span class='ocrx_word' id='word_1_260' title='bbox 1265 2548 1309 2583; x_wconf 88' lang='lat' dir='ltr'><strong>et</strong></span> <span class='ocrx_word' id='word_1_261' title='bbox 1330 2555 1448 2585; x_wconf 82' lang='lat' dir='ltr'><strong>arma</strong></span> <span class='ocrx_word' id='word_1_262' title='bbox 1469 2549 1742 2602; x_wconf 70' lang='lat' dir='ltr'><strong>sumpturus:</strong></span> 
     </span>
    </p>
   </div>
   <div class='ocr_carea' id='block_1_3' title="bbox 409 2635 727 2678">
    <p class='ocr_par' dir='ltr' id='par_1_7' title="bbox 409 2635 727 2678">
     <span class='ocr_line' id='line_1_34' title="bbox 409 2635 727 2678; baseline -0.003 -10"><span class='ocrx_word' id='word_1_263' title='bbox 409 2644 417 2660; x_wconf 85' lang='lat'>¹</span> <span class='ocrx_word' id='word_1_264' title='bbox 448 2646 460 2668; x_wconf 80' lang='grc' dir='ltr'><strong><em>ι</em></strong></span> <span class='ocrx_word' id='word_1_265' title='bbox 490 2635 570 2678; x_wconf 71' lang='lat' dir='ltr'><strong>Reg-</strong></span> <span class='ocrx_word' id='word_1_266' title='bbox 597 2643 668 2672; x_wconf 78' lang='lat' dir='ltr'><strong>xxi,</strong></span> <span class='ocrx_word' id='word_1_267' title='bbox 696 2644 727 2667; x_wconf 83' lang='lat'><strong>1.</strong></span> 
     </span>
    </p>
   </div>
  </div>
 </body>
</html>
