<?xml version="1.0" encoding="UTF-8"?>
<!DOCTYPE html PUBLIC "-//W3C//DTD XHTML 1.0 Transitional//EN"
    "http://www.w3.org/TR/xhtml1/DTD/xhtml1-transitional.dtd">
<html xmlns="http://www.w3.org/1999/xhtml" xml:lang="en" lang="en">
 <head>
  <title>
</title>
<meta http-equiv="Content-Type" content="text/html;charset=utf-8" />
  <meta name='ocr-system' content='tesseract 3.04.00' />
  <meta name='ocr-capabilities' content='ocr_page ocr_carea ocr_par ocr_line ocrx_word'/>
</head>
<body>
  <div class='ocr_page' id='page_1' title='image "./omniaequaeextant05ambruoft_0114.png"; bbox 0 0 1800 3268; ppageno 0'>
   <div class='ocr_carea' id='block_1_1' title="bbox 370 249 1179 298">
    <p class='ocr_par' dir='ltr' id='par_1_1' title="bbox 370 249 1179 298">
     <span class='ocr_line' id='line_1_1' title="bbox 370 249 1179 298; baseline 0 -15"><span class='ocrx_word' id='word_1_1' title='bbox 370 249 449 298; x_wconf 74' lang='lat'><strong>¹04</strong></span> <span class='ocrx_word' id='word_1_2' title='bbox 915 257 945 283; x_wconf 87' lang='lat' dir='ltr'><strong>s.</strong></span> <span class='ocrx_word' id='word_1_3' title='bbox 987 255 1179 283; x_wconf 64' lang='lat' dir='ltr'><strong>Axinnosu</strong></span> 
     </span>
    </p>
   </div>
   <div class='ocr_carea' id='block_1_2' title="bbox 365 331 1768 2509">
    <p class='ocr_par' dir='ltr' id='par_1_2' title="bbox 365 331 1740 1085">
     <span class='ocr_line' id='line_1_2' title="bbox 365 331 1726 395; baseline -0.005 -12"><span class='ocrx_word' id='word_1_4' title='bbox 365 337 542 383; x_wconf 88' lang='lat' dir='ltr'><strong>habenis</strong></span> <span class='ocrx_word' id='word_1_5' title='bbox 565 337 701 395; x_wconf 81' lang='lat' dir='ltr'>pacis,</span> <span class='ocrx_word' id='word_1_6' title='bbox 729 344 774 378; x_wconf 88' lang='lat' dir='ltr'><strong>et</strong></span> <span class='ocrx_word' id='word_1_7' title='bbox 794 335 938 394; x_wconf 70' lang='lat' dir='ltr'><strong>gratim</strong></span> <span class='ocrx_word' id='word_1_8' title='bbox 961 333 1139 377; x_wconf 82' lang='lat' dir='ltr'><strong>vinculis</strong></span> <span class='ocrx_word' id='word_1_9' title='bbox 1169 331 1302 391; x_wconf 83' lang='lat' dir='ltr'><strong>magis</strong></span> <span class='ocrx_word' id='word_1_10' title='bbox 1323 331 1482 391; x_wconf 81' lang='lat' dir='ltr'><strong>erigat,</strong></span> <span class='ocrx_word' id='word_1_11' title='bbox 1501 346 1630 391; x_wconf 81' lang='lat' dir='ltr'><strong>quam</strong></span> <span class='ocrx_word' id='word_1_12' title='bbox 1657 332 1726 376; x_wconf 84' lang='lat' dir='ltr'><strong>de-</strong></span> 
     </span>
     <span class='ocr_line' id='line_1_3' title="bbox 365 402 1728 467; baseline -0.002 -17"><span class='ocrx_word' id='word_1_13' title='bbox 365 410 519 467; x_wconf 82' lang='lat' dir='ltr'><strong>primat</strong></span> <span class='ocrx_word' id='word_1_14' title='bbox 541 408 777 465; x_wconf 85' lang='lat' dir='ltr'><strong>copulatos.</strong></span> <span class='ocrx_word' id='word_1_15' title='bbox 811 406 889 450; x_wconf 89' lang='lat' dir='ltr'><strong>llic</strong></span> <span class='ocrx_word' id='word_1_16' title='bbox 919 413 983 447; x_wconf 85' lang='lat' dir='ltr'><strong>est</strong></span> <span class='ocrx_word' id='word_1_17' title='bbox 1009 403 1238 453; x_wconf 85' lang='lat' dir='ltr'><strong>Dominus,</strong></span> <span class='ocrx_word' id='word_1_18' title='bbox 1260 402 1384 461; x_wconf 85' lang='lat' dir='ltr'><strong>cujus</strong></span> <span class='ocrx_word' id='word_1_19' title='bbox 1403 403 1444 446; x_wconf 93' lang='lat' dir='ltr'><strong>in</strong></span> <span class='ocrx_word' id='word_1_20' title='bbox 1468 402 1576 447; x_wconf 85' lang='lat' dir='ltr'><strong>Zara</strong></span> <span class='ocrx_word' id='word_1_21' title='bbox 1603 411 1728 461; x_wconf 79' lang='lat' dir='ltr'><strong>typus</strong></span> 
     </span>
     <span class='ocr_line' id='line_1_4' title="bbox 368 472 1729 537; baseline -0.002 -15"><span class='ocrx_word' id='word_1_22' title='bbox 368 488 466 522; x_wconf 87' lang='lat' dir='ltr'><strong>ante</strong></span> <span class='ocrx_word' id='word_1_23' title='bbox 486 478 728 537; x_wconf 85' lang='lat' dir='ltr'><strong>praecessit;</strong></span> <span class='ocrx_word' id='word_1_24' title='bbox 751 493 801 521; x_wconf 93' lang='lat' dir='ltr'><strong>eo</strong></span> <span class='ocrx_word' id='word_1_25' title='bbox 819 472 935 535; x_wconf 87' lang='lat' dir='ltr'><strong>quod</strong></span> <span class='ocrx_word' id='word_1_26' title='bbox 956 491 1007 518; x_wconf 85' lang='lat' dir='ltr'><strong>ex</strong></span> <span class='ocrx_word' id='word_1_27' title='bbox 1029 475 1141 519; x_wconf 87' lang='lat' dir='ltr'><strong>tribu</strong></span> <span class='ocrx_word' id='word_1_28' title='bbox 1165 483 1275 518; x_wconf 87' lang='lat' dir='ltr'><strong>etex</strong></span> <span class='ocrx_word' id='word_1_29' title='bbox 1292 475 1455 518; x_wconf 85' lang='lat' dir='ltr'><strong>semine</strong></span> <span class='ocrx_word' id='word_1_30' title='bbox 1483 474 1595 518; x_wconf 84' lang='lat' dir='ltr'><strong>illius</strong></span> <span class='ocrx_word' id='word_1_31' title='bbox 1611 473 1729 519; x_wconf 78' lang='lat' dir='ltr'><strong>Zarae</strong></span> 
     </span>
     <span class='ocr_line' id='line_1_5' title="bbox 367 545 1730 600; baseline -0.004 -7"><span class='ocrx_word' id='word_1_32' title='bbox 367 550 575 595; x_wconf 85' lang='lat' dir='ltr'>Dominus</span> <span class='ocrx_word' id='word_1_33' title='bbox 602 548 727 592; x_wconf 83' lang='lat' dir='ltr'><strong>Jesus</strong></span> <span class='ocrx_word' id='word_1_34' title='bbox 756 549 993 592; x_wconf 86' lang='lat' dir='ltr'><strong>secundnm</strong></span> <span class='ocrx_word' id='word_1_35' title='bbox 1017 561 1189 600; x_wconf 81' lang='lat' dir='ltr'><strong>carnem</strong></span> <span class='ocrx_word' id='word_1_36' title='bbox 1220 561 1307 589; x_wconf 90' lang='lat' dir='ltr'><strong>non</strong></span> <span class='ocrx_word' id='word_1_37' title='bbox 1329 547 1467 589; x_wconf 89' lang='lat' dir='ltr'><strong>solum</strong></span> <span class='ocrx_word' id='word_1_38' title='bbox 1490 560 1511 588; x_wconf 92' lang='lat' dir='ltr'><strong>a</strong></span> <span class='ocrx_word' id='word_1_39' title='bbox 1531 545 1730 596; x_wconf 82' lang='lat' dir='ltr'><strong>soemina,</strong></span> 
     </span>
     <span class='ocr_line' id='line_1_6' title="bbox 368 614 1734 678; baseline -0.003 -15"><span class='ocrx_word' id='word_1_40' title='bbox 368 621 443 663; x_wconf 84' lang='lat' dir='ltr'><strong>scd</strong></span> <span class='ocrx_word' id='word_1_41' title='bbox 472 620 599 663; x_wconf 90' lang='lat' dir='ltr'><strong>etiam</strong></span> <span class='ocrx_word' id='word_1_42' title='bbox 635 619 714 662; x_wconf 91' lang='lat' dir='ltr'><strong>sub</strong></span> <span class='ocrx_word' id='word_1_43' title='bbox 745 619 859 678; x_wconf 85' lang='lat' dir='ltr'><strong>Lege</strong></span> <span class='ocrx_word' id='word_1_44' title='bbox 887 625 1113 676; x_wconf 83' lang='lat' dir='ltr'><strong>generatus</strong></span> <span class='ocrx_word' id='word_1_45' title='bbox 1140 625 1224 667; x_wconf 72' lang='lat' dir='ltr'><strong>est3</strong></span> <span class='ocrx_word' id='word_1_46' title='bbox 1250 624 1297 659; x_wconf 90' lang='lat' dir='ltr'><strong>ut</strong></span> <span class='ocrx_word' id='word_1_47' title='bbox 1318 631 1390 659; x_wconf 91' lang='lat' dir='ltr'><strong>eos</strong></span> <span class='ocrx_word' id='word_1_48' title='bbox 1411 615 1485 674; x_wconf 84' lang='lat' dir='ltr'><strong>qui</strong></span> <span class='ocrx_word' id='word_1_49' title='bbox 1511 616 1590 660; x_wconf 87' lang='lat' dir='ltr'><strong>sub</strong></span> <span class='ocrx_word' id='word_1_50' title='bbox 1620 614 1734 673; x_wconf 81' lang='lat' dir='ltr'><strong>Lege</strong></span> 
     </span>
     <span class='ocr_line' id='line_1_7' title="bbox 370 683 1735 747; baseline -0.004 -14"><span class='ocrx_word' id='word_1_51' title='bbox 370 699 516 740; x_wconf 88' lang='lat' dir='ltr'><strong>erant,</strong></span> <span class='ocrx_word' id='word_1_52' title='bbox 542 689 771 733; x_wconf 78' lang='lat' dir='ltr'><strong>redimeret</strong></span> <span class='ocrx_word' id='word_1_53' title='bbox 799 688 938 747; x_wconf 87' lang='lat' dir='ltr'><strong>pretio</strong></span> <span class='ocrx_word' id='word_1_54' title='bbox 970 686 1184 745; x_wconf 83' lang='lat' dir='ltr'><strong>sanguinis</strong></span> <span class='ocrx_word' id='word_1_55' title='bbox 1211 686 1290 729; x_wconf 87' lang='lat' dir='ltr'><strong>sui.</strong></span> <span class='ocrx_word' id='word_1_56' title='bbox 1320 685 1454 744; x_wconf 87' lang='lat' dir='ltr'><strong>Cujus</strong></span> <span class='ocrx_word' id='word_1_57' title='bbox 1475 683 1610 744; x_wconf 82' lang='lat' dir='ltr'><strong>figura</strong></span> <span class='ocrx_word' id='word_1_58' title='bbox 1639 684 1735 728; x_wconf 84' lang='lat' dir='ltr'><strong>ideo</strong></span> 
     </span>
     <span class='ocr_line' id='line_1_8' title="bbox 374 755 1736 819; baseline -0.005 -13"><span class='ocrx_word' id='word_1_59' title='bbox 374 764 416 806; x_wconf 90' lang='lat' dir='ltr'><strong>in</strong></span> <span class='ocrx_word' id='word_1_60' title='bbox 445 777 576 804; x_wconf 90' lang='lat' dir='ltr'><strong>manu</strong></span> <span class='ocrx_word' id='word_1_61' title='bbox 594 761 705 805; x_wconf 91' lang='lat' dir='ltr'><strong>illius</strong></span> <span class='ocrx_word' id='word_1_62' title='bbox 727 761 846 806; x_wconf 86' lang='lat' dir='ltr'><strong>Zarae</strong></span> <span class='ocrx_word' id='word_1_63' title='bbox 867 758 1109 819; x_wconf 78' lang='lat' dir='ltr'><strong>praecessit:</strong></span> <span class='ocrx_word' id='word_1_64' title='bbox 1132 766 1180 801; x_wconf 89' lang='lat' dir='ltr'><strong>ut</strong></span> <span class='ocrx_word' id='word_1_65' title='bbox 1200 757 1470 816; x_wconf 76' lang='lat' dir='ltr'><strong>promitteret</strong></span> <span class='ocrx_word' id='word_1_66' title='bbox 1490 755 1736 815; x_wconf 29' lang='lat' dir='ltr'><strong>nobis-quia</strong></span> 
     </span>
     <span class='ocr_line' id='line_1_9' title="bbox 376 826 1740 891; baseline -0.004 -16"><span class='ocrx_word' id='word_1_67' title='bbox 376 840 582 876; x_wconf 86' lang='lat' dir='ltr'><strong>venturus</strong></span> <span class='ocrx_word' id='word_1_68' title='bbox 606 841 720 882; x_wconf 88' lang='lat' dir='ltr'><strong>erat,</strong></span> <span class='ocrx_word' id='word_1_69' title='bbox 740 831 812 891; x_wconf 87' lang='lat' dir='ltr'><strong>qui</strong></span> <span class='ocrx_word' id='word_1_70' title='bbox 834 830 988 874; x_wconf 88' lang='lat' dir='ltr'><strong>veteris</strong></span> <span class='ocrx_word' id='word_1_71' title='bbox 1015 829 1108 872; x_wconf 85' lang='lat' dir='ltr'><strong>vitae</strong></span> <span class='ocrx_word' id='word_1_72' title='bbox 1132 836 1352 872; x_wconf 86' lang='lat' dir='ltr'><strong>revocaret</strong></span> <span class='ocrx_word' id='word_1_73' title='bbox 1373 842 1527 891; x_wconf 85' lang='lat' dir='ltr'><strong>usum,</strong></span> <span class='ocrx_word' id='word_1_74' title='bbox 1546 835 1591 870; x_wconf 90' lang='lat' dir='ltr'><strong>et</strong></span> <span class='ocrx_word' id='word_1_75' title='bbox 1614 826 1740 871; x_wconf 82' lang='lat' dir='ltr'><strong>liber-</strong></span> 
     </span>
     <span class='ocr_line' id='line_1_10' title="bbox 376 896 1739 959; baseline -0.004 -14"><span class='ocrx_word' id='word_1_76' title='bbox 376 911 506 945; x_wconf 87' lang='lat' dir='ltr'><strong>tatem</strong></span> <span class='ocrx_word' id='word_1_77' title='bbox 527 917 655 959; x_wconf 85' lang='lat' dir='ltr'><strong>quam</strong></span> <span class='ocrx_word' id='word_1_78' title='bbox 680 901 888 944; x_wconf 76' lang='lat' dir='ltr'><strong>tribuerat</strong></span> <span class='ocrx_word' id='word_1_79' title='bbox 904 900 1041 959; x_wconf 89' lang='lat' dir='ltr'><strong>primo</strong></span> <span class='ocrx_word' id='word_1_80' title='bbox 1065 899 1124 942; x_wconf 90' lang='lat' dir='ltr'><strong>illi</strong></span> <span class='ocrx_word' id='word_1_81' title='bbox 1147 898 1273 948; x_wconf 80' lang='lat' dir='ltr'><strong>Adae,</strong></span> <span class='ocrx_word' id='word_1_82' title='bbox 1298 898 1339 941; x_wconf 90' lang='lat' dir='ltr'><strong>in</strong></span> <span class='ocrx_word' id='word_1_83' title='bbox 1357 897 1492 942; x_wconf 84' lang='lat' dir='ltr'><strong>Adam</strong></span> <span class='ocrx_word' id='word_1_84' title='bbox 1510 896 1739 941; x_wconf 83' lang='lat' dir='ltr'><strong>novissimo</strong></span> 
     </span>
     <span class='ocr_line' id='line_1_11' title="bbox 376 967 1740 1029; baseline -0.002 -15"><span class='ocrx_word' id='word_1_85' title='bbox 376 972 627 1015; x_wconf 76' lang='lat' dir='ltr'><strong>reformaret</strong></span> <span class='ocrx_word' id='word_1_86' title='bbox 639 988 651 1020; x_wconf 73' lang='grc' dir='ltr'><strong><em>ς</em></strong></span> <span class='ocrx_word' id='word_1_87' title='bbox 692 979 740 1014; x_wconf 87' lang='lat' dir='ltr'><strong>ut</strong></span> <span class='ocrx_word' id='word_1_88' title='bbox 769 971 856 1029; x_wconf 90' lang='lat' dir='ltr'><strong>jam</strong></span> <span class='ocrx_word' id='word_1_89' title='bbox 895 986 1028 1029; x_wconf 85' lang='lat' dir='ltr'><strong>genus</strong></span> <span class='ocrx_word' id='word_1_90' title='bbox 1057 969 1282 1012; x_wconf 90' lang='lat' dir='ltr'><strong>hominum</strong></span> <span class='ocrx_word' id='word_1_91' title='bbox 1318 968 1408 1012; x_wconf 85' lang='lat' dir='ltr'><strong>sine</strong></span> <span class='ocrx_word' id='word_1_92' title='bbox 1443 968 1536 1027; x_wconf 83' lang='lat' dir='ltr'><strong>lege</strong></span> <span class='ocrx_word' id='word_1_93' title='bbox 1565 967 1621 1012; x_wconf 83' lang='lat' dir='ltr'><strong>sit</strong></span> <span class='ocrx_word' id='word_1_94' title='bbox 1653 982 1740 1012; x_wconf 82' lang='lat' dir='ltr'><strong>ser-</strong></span> 
     </span>
     <span class='ocr_line' id='line_1_12' title="bbox 378 1041 535 1085; baseline 0 -1"><span class='ocrx_word' id='word_1_95' title='bbox 378 1041 535 1085; x_wconf 77' lang='lat' dir='ltr'><strong>vitutis.</strong></span> 
     </span>
    </p>

    <p class='ocr_par' dir='ltr' id='par_1_3' title="bbox 380 1107 1768 2509">
     <span class='ocr_line' id='line_1_13' title="bbox 435 1107 1744 1169; baseline -0.002 -15"><span class='ocrx_word' id='word_1_96' title='bbox 435 1110 582 1155; x_wconf 91' lang='lat' dir='ltr'><strong>XXX.</strong></span> <span class='ocrx_word' id='word_1_97' title='bbox 620 1110 663 1154; x_wconf 92' lang='lat' dir='ltr'><strong>Si</strong></span> <span class='ocrx_word' id='word_1_98' title='bbox 694 1110 823 1169; x_wconf 83' lang='lat' dir='ltr'><strong>igitur</strong></span> <span class='ocrx_word' id='word_1_99' title='bbox 850 1110 1036 1154; x_wconf 84' lang='lat' dir='ltr'><strong>Thamar</strong></span> <span class='ocrx_word' id='word_1_100' title='bbox 1067 1107 1346 1167; x_wconf 84' lang='lat' dir='ltr'><strong>cognovimus</strong></span> <span class='ocrx_word' id='word_1_101' title='bbox 1376 1115 1552 1168; x_wconf 82' lang='lat' dir='ltr'><strong>propter</strong></span> <span class='ocrx_word' id='word_1_102' title='bbox 1581 1116 1744 1168; x_wconf 83' lang='lat' dir='ltr'><strong>myste-</strong></span> 
     </span>
     <span class='ocr_line' id='line_1_14' title="bbox 380 1177 1747 1239; baseline -0.001 -16"><span class='ocrx_word' id='word_1_103' title='bbox 380 1181 490 1224; x_wconf 85' lang='lat' dir='ltr'><strong>rium</strong></span> <span class='ocrx_word' id='word_1_104' title='bbox 509 1181 619 1223; x_wconf 84' lang='lat' dir='ltr'><strong>inter</strong></span> <span class='ocrx_word' id='word_1_105' title='bbox 635 1181 881 1224; x_wconf 81' lang='lat' dir='ltr'><strong>Dominicas</strong></span> <span class='ocrx_word' id='word_1_106' title='bbox 897 1179 1194 1239; x_wconf 77' lang='lat' dir='ltr'><strong>generationes</strong></span> <span class='ocrx_word' id='word_1_107' title='bbox 1215 1194 1307 1222; x_wconf 87' lang='lat' dir='ltr'><strong>esse</strong></span> <span class='ocrx_word' id='word_1_108' title='bbox 1328 1178 1611 1238; x_wconf 85' lang='lat' dir='ltr'><strong>descriptam:</strong></span> <span class='ocrx_word' id='word_1_109' title='bbox 1628 1177 1747 1224; x_wconf 81' lang='lat' dir='ltr'><strong>Ruth</strong></span> 
     </span>
     <span class='ocr_line' id='line_1_15' title="bbox 383 1249 1748 1311; baseline 0 -19"><span class='ocrx_word' id='word_1_110' title='bbox 383 1266 554 1310; x_wconf 87' lang='lat' dir='ltr'><strong>quoque</strong></span> <span class='ocrx_word' id='word_1_111' title='bbox 575 1252 665 1295; x_wconf 88' lang='lat' dir='ltr'><strong>sine</strong></span> <span class='ocrx_word' id='word_1_112' title='bbox 687 1252 818 1294; x_wconf 88' lang='lat' dir='ltr'><strong>dubio</strong></span> <span class='ocrx_word' id='word_1_113' title='bbox 838 1252 929 1311; x_wconf 85' lang='lat' dir='ltr'><strong>pari</strong></span> <span class='ocrx_word' id='word_1_114' title='bbox 950 1251 1114 1294; x_wconf 87' lang='lat' dir='ltr'><strong>ratione</strong></span> <span class='ocrx_word' id='word_1_115' title='bbox 1134 1250 1313 1293; x_wconf 82' lang='lat' dir='ltr'><strong>minime</strong></span> <span class='ocrx_word' id='word_1_116' title='bbox 1331 1249 1748 1308; x_wconf 77' lang='lat' dir='ltr'><strong>praetermissamaes·</strong></span> 
     </span>
     <span class='ocr_line' id='line_1_16' title="bbox 383 1320 1750 1381; baseline 0.001 -18"><span class='ocrx_word' id='word_1_117' title='bbox 383 1323 534 1381; x_wconf 82' lang='lat' dir='ltr'><strong>timare</strong></span> <span class='ocrx_word' id='word_1_118' title='bbox 555 1322 761 1365; x_wconf 83' lang='lat' dir='ltr'><strong>debemus</strong></span> <span class='ocrx_word' id='word_1_119' title='bbox 782 1338 792 1366; x_wconf 91' lang='lat'>:</span> <span class='ocrx_word' id='word_1_120' title='bbox 817 1325 871 1365; x_wconf 89' lang='lat' dir='ltr'><strong>de</strong></span> <span class='ocrx_word' id='word_1_121' title='bbox 886 1338 966 1380; x_wconf 90' lang='lat' dir='ltr'><strong>qua</strong></span> <span class='ocrx_word' id='word_1_122' title='bbox 986 1322 1166 1365; x_wconf 84' lang='lat' dir='ltr'><strong>sensisse</strong></span> <span class='ocrx_word' id='word_1_123' title='bbox 1187 1321 1358 1364; x_wconf 85' lang='lat' dir='ltr'><strong>videtur</strong></span> <span class='ocrx_word' id='word_1_124' title='bbox 1373 1320 1603 1380; x_wconf 72' lang='lat' dir='ltr'><strong>Apostolus</strong></span> <span class='ocrx_word' id='word_1_125' title='bbox 1623 1334 1750 1365; x_wconf 82' lang='lat' dir='ltr'><strong>sanc-</strong></span> 
     </span>
     <span class='ocr_line' id='line_1_17' title="bbox 384 1391 1751 1452; baseline -0.001 -17"><span class='ocrx_word' id='word_1_126' title='bbox 384 1403 474 1444; x_wconf 85' lang='lat' dir='ltr'><strong>tus,</strong></span> <span class='ocrx_word' id='word_1_127' title='bbox 496 1408 594 1436; x_wconf 87' lang='lat' dir='ltr'><strong>cum</strong></span> <span class='ocrx_word' id='word_1_128' title='bbox 617 1394 950 1452; x_wconf 80' lang='lat' dir='ltr'><strong>alienigenarum</strong></span> <span class='ocrx_word' id='word_1_129' title='bbox 968 1394 1238 1437; x_wconf 87' lang='lat' dir='ltr'><strong>vocationem</strong></span> <span class='ocrx_word' id='word_1_130' title='bbox 1256 1392 1447 1451; x_wconf 89' lang='lat' dir='ltr'><strong>gentium</strong></span> <span class='ocrx_word' id='word_1_131' title='bbox 1468 1391 1617 1450; x_wconf 85' lang='lat' dir='ltr'><strong>spiritu</strong></span> <span class='ocrx_word' id='word_1_132' title='bbox 1639 1406 1751 1450; x_wconf 83' lang='lat' dir='ltr'><strong>prae-</strong></span> 
     </span>
     <span class='ocr_line' id='line_1_18' title="bbox 383 1462 1755 1524; baseline -0.001 -17"><span class='ocrx_word' id='word_1_133' title='bbox 383 1465 547 1507; x_wconf 84' lang='lat' dir='ltr'><strong>videret</strong></span> <span class='ocrx_word' id='word_1_134' title='bbox 579 1480 654 1523; x_wconf 91' lang='lat' dir='ltr'><strong>per</strong></span> <span class='ocrx_word' id='word_1_135' title='bbox 682 1465 961 1524; x_wconf 85' lang='lat' dir='ltr'><strong>Evangelium</strong></span> <span class='ocrx_word' id='word_1_136' title='bbox 986 1480 1079 1507; x_wconf 92' lang='lat' dir='ltr'><strong>esse</strong></span> <span class='ocrx_word' id='word_1_137' title='bbox 1105 1464 1411 1507; x_wconf 86' lang='lat' dir='ltr'><strong>celebrandum</strong></span> <span class='ocrx_word' id='word_1_138' title='bbox 1427 1496 1439 1514; x_wconf 92' lang='lat'><strong>,</strong></span> <span class='ocrx_word' id='word_1_139' title='bbox 1466 1462 1612 1507; x_wconf 84' lang='lat' dir='ltr'><strong>dicens</strong></span> <span class='ocrx_word' id='word_1_140' title='bbox 1635 1463 1755 1521; x_wconf 84' lang='lat' dir='ltr'><strong>quod</strong></span> 
     </span>
     <span class='ocr_line' id='line_1_19' title="bbox 387 1533 1753 1593; baseline 0 -17"><span class='ocrx_word' id='word_1_141' title='bbox 387 1533 475 1577; x_wconf 85' lang='lat' dir='ltr'><strong>Lex</strong></span> <span class='ocrx_word' id='word_1_142' title='bbox 500 1549 584 1576; x_wconf 89' lang='lat' dir='ltr'><strong>non</strong></span> <span class='ocrx_word' id='word_1_143' title='bbox 610 1534 664 1577; x_wconf 88' lang='lat' dir='ltr'><strong>sit</strong></span> <span class='ocrx_word' id='word_1_144' title='bbox 692 1534 815 1592; x_wconf 88' lang='lat' dir='ltr'><strong>justis</strong></span> <span class='ocrx_word' id='word_1_145' title='bbox 843 1535 1003 1593; x_wconf 87' lang='lat' dir='ltr'><strong>posita,</strong></span> <span class='ocrx_word' id='word_1_146' title='bbox 1040 1535 1116 1577; x_wconf 90' lang='lat' dir='ltr'><strong>sed</strong></span> <span class='ocrx_word' id='word_1_147' title='bbox 1139 1533 1350 1591; x_wconf 77' lang='lat' dir='ltr'><strong>injustis¹.</strong></span> <span class='ocrx_word' id='word_1_148' title='bbox 1378 1535 1610 1587; x_wconf 81' lang='lat' dir='ltr'><strong>Quomodo</strong></span> <span class='ocrx_word' id='word_1_149' title='bbox 1636 1533 1753 1577; x_wconf 89' lang='lat' dir='ltr'><strong>enim</strong></span> 
     </span>
     <span class='ocr_line' id='line_1_20' title="bbox 389 1603 1755 1662; baseline 0 -15"><span class='ocrx_word' id='word_1_150' title='bbox 389 1603 527 1652; x_wconf 75' lang='lat' dir='ltr'><strong>Ruth.</strong></span> <span class='ocrx_word' id='word_1_151' title='bbox 562 1618 661 1647; x_wconf 90' lang='lat' dir='ltr'><strong>cum</strong></span> <span class='ocrx_word' id='word_1_152' title='bbox 691 1612 803 1647; x_wconf 87' lang='lat' dir='ltr'><strong>esset</strong></span> <span class='ocrx_word' id='word_1_153' title='bbox 835 1604 1094 1662; x_wconf 82' lang='lat' dir='ltr'><strong>alienigena,</strong></span> <span class='ocrx_word' id='word_1_154' title='bbox 1124 1603 1274 1646; x_wconf 83' lang='lat' dir='ltr'><strong>Judaeo</strong></span> <span class='ocrx_word' id='word_1_155' title='bbox 1306 1603 1481 1662; x_wconf 73' lang='lat' dir='ltr'><strong>nupsit?</strong></span> <span class='ocrx_word' id='word_1_156' title='bbox 1509 1603 1563 1647; x_wconf 87' lang='lat' dir='ltr'><strong>Et</strong></span> <span class='ocrx_word' id='word_1_157' title='bbox 1584 1618 1667 1662; x_wconf 88' lang='lat' dir='ltr'><strong>qua</strong></span> <span class='ocrx_word' id='word_1_158' title='bbox 1688 1617 1755 1647; x_wconf 79' lang='lat' dir='ltr'><strong>ra·</strong></span> 
     </span>
     <span class='ocr_line' id='line_1_21' title="bbox 392 1673 1757 1734; baseline 0.001 -18"><span class='ocrx_word' id='word_1_159' title='bbox 392 1673 508 1716; x_wconf 86' lang='lat' dir='ltr'><strong>tione</strong></span> <span class='ocrx_word' id='word_1_160' title='bbox 534 1674 575 1716; x_wconf 91' lang='lat' dir='ltr'><strong>in</strong></span> <span class='ocrx_word' id='word_1_161' title='bbox 606 1674 761 1717; x_wconf 83' lang='lat' dir='ltr'><strong>Clu-isti</strong></span> <span class='ocrx_word' id='word_1_162' title='bbox 794 1675 1067 1733; x_wconf 81' lang='lat' dir='ltr'><strong>generatione</strong></span> <span class='ocrx_word' id='word_1_163' title='bbox 1099 1675 1192 1732; x_wconf 88' lang='lat' dir='ltr'><strong>ejus</strong></span> <span class='ocrx_word' id='word_1_164' title='bbox 1220 1675 1382 1733; x_wconf 88' lang='lat' dir='ltr'><strong>putavit</strong></span> <span class='ocrx_word' id='word_1_165' title='bbox 1403 1674 1671 1734; x_wconf 82' lang='lat' dir='ltr'><strong>Evangelista</strong></span> <span class='ocrx_word' id='word_1_166' title='bbox 1687 1688 1757 1717; x_wconf 85' lang='lat' dir='ltr'><strong>co·</strong></span> 
     </span>
     <span class='ocr_line' id='line_1_22' title="bbox 392 1743 1758 1803; baseline 0 -17"><span class='ocrx_word' id='word_1_167' title='bbox 392 1745 504 1802; x_wconf 84' lang='lat' dir='ltr'><strong>pulae</strong></span> <span class='ocrx_word' id='word_1_168' title='bbox 527 1746 979 1798; x_wconf 70' lang='lat' dir='ltr'><strong>commemorationem</strong></span> <span class='ocrx_word' id='word_1_169' title='bbox 999 1761 1090 1788; x_wconf 91' lang='lat' dir='ltr'><strong>esse</strong></span> <span class='ocrx_word' id='word_1_170' title='bbox 1105 1745 1344 1789; x_wconf 82' lang='lat' dir='ltr'><strong>faciendam</strong></span> <span class='ocrx_word' id='word_1_171' title='bbox 1358 1777 1371 1796; x_wconf 93' lang='lat'>‚</span> <span class='ocrx_word' id='word_1_172' title='bbox 1393 1760 1485 1803; x_wconf 84' lang='lat' dir='ltr'><strong>quae</strong></span> <span class='ocrx_word' id='word_1_173' title='bbox 1506 1743 1629 1803; x_wconf 83' lang='lat' dir='ltr'><strong>Legis</strong></span> <span class='ocrx_word' id='word_1_174' title='bbox 1649 1743 1758 1787; x_wconf 85' lang='lat' dir='ltr'><strong>serie</strong></span> 
     </span>
     <span class='ocr_line' id='line_1_23' title="bbox 395 1813 1759 1875; baseline 0.001 -18"><span class='ocrx_word' id='word_1_175' title='bbox 395 1815 652 1858; x_wconf 65' lang='lat' dir='ltr'><strong>vetabatur?</strong></span> <span class='ocrx_word' id='word_1_176' title='bbox 683 1816 777 1860; x_wconf 89' lang='lat' dir='ltr'><strong>Non</strong></span> <span class='ocrx_word' id='word_1_177' title='bbox 816 1828 920 1874; x_wconf 84' lang='lat' dir='ltr'><strong>ergo</strong></span> <span class='ocrx_word' id='word_1_178' title='bbox 953 1832 1005 1858; x_wconf 87' lang='lat' dir='ltr'><strong>ex</strong></span> <span class='ocrx_word' id='word_1_179' title='bbox 1030 1815 1218 1874; x_wconf 84' lang='lat' dir='ltr'><strong>legitima</strong></span> <span class='ocrx_word' id='word_1_180' title='bbox 1256 1814 1454 1859; x_wconf 87' lang='lat' dir='ltr'><strong>Salvator</strong></span> <span class='ocrx_word' id='word_1_181' title='bbox 1484 1813 1759 1875; x_wconf 83' lang='lat' dir='ltr'><strong>generatione</strong></span> 
     </span>
     <span class='ocr_line' id='line_1_24' title="bbox 394 1884 1760 1944; baseline 0.001 -17"><span class='ocrx_word' id='word_1_182' title='bbox 394 1885 646 1929; x_wconf 76' lang='lat' dir='ltr'><strong>manavit²i³</strong></span> <span class='ocrx_word' id='word_1_183' title='bbox 684 1885 860 1929; x_wconf 86' lang='lat' dir='ltr'><strong>Videtur</strong></span> <span class='ocrx_word' id='word_1_184' title='bbox 891 1902 982 1929; x_wconf 85' lang='lat' dir='ltr'><strong>esse</strong></span> <span class='ocrx_word' id='word_1_185' title='bbox 1020 1886 1233 1937; x_wconf 79' lang='lat' dir='ltr'><strong>deforme,</strong></span> <span class='ocrx_word' id='word_1_186' title='bbox 1267 1886 1348 1929; x_wconf 88' lang='lat' dir='ltr'><strong>nisi</strong></span> <span class='ocrx_word' id='word_1_187' title='bbox 1383 1887 1437 1930; x_wconf 90' lang='lat' dir='ltr'><strong>ad</strong></span> <span class='ocrx_word' id='word_1_188' title='bbox 1467 1884 1760 1944; x_wconf 83' lang='lat' dir='ltr'><strong>Apostolicam</strong></span> 
     </span>
     <span class='ocr_line' id='line_1_25' title="bbox 393 1955 1757 2015; baseline 0.001 -18"><span class='ocrx_word' id='word_1_189' title='bbox 393 1956 648 1998; x_wconf 86' lang='lat' dir='ltr'><strong>sententiam</strong></span> <span class='ocrx_word' id='word_1_190' title='bbox 681 1957 906 1999; x_wconf 86' lang='lat' dir='ltr'><strong>revertaris</strong></span> <span class='ocrx_word' id='word_1_191' title='bbox 926 1989 936 2005; x_wconf 92' lang='lat'><strong>,</strong></span> <span class='ocrx_word' id='word_1_192' title='bbox 962 1974 978 1995; x_wconf 76' lang='grc' dir='ltr'><strong>α</strong></span> <span class='ocrx_word' id='word_1_193' title='bbox 999 1957 1109 2009; x_wconf 88' lang='lat' dir='ltr'><strong>Quia</strong></span> <span class='ocrx_word' id='word_1_194' title='bbox 1131 1956 1220 2000; x_wconf 86' lang='lat' dir='ltr'><strong>Lex</strong></span> <span class='ocrx_word' id='word_1_195' title='bbox 1243 1971 1331 1999; x_wconf 89' lang='lat' dir='ltr'><strong>non</strong></span> <span class='ocrx_word' id='word_1_196' title='bbox 1357 1965 1422 2000; x_wconf 87' lang='lat' dir='ltr'><strong>est</strong></span> <span class='ocrx_word' id='word_1_197' title='bbox 1450 1956 1572 2014; x_wconf 85' lang='lat' dir='ltr'><strong>justis</strong></span> <span class='ocrx_word' id='word_1_198' title='bbox 1595 1955 1757 2015; x_wconf 85' lang='lat' dir='ltr'><strong>posita,</strong></span> 
     </span>
     <span class='ocr_line' id='line_1_26' title="bbox 397 2016 1762 2085; baseline 0.003 -20"><span class='ocrx_word' id='word_1_199' title='bbox 397 2025 499 2067; x_wconf 79' lang='lat' dir='ltr'><strong>»sed</strong></span> <span class='ocrx_word' id='word_1_200' title='bbox 523 2024 702 2083; x_wconf 85' lang='lat' dir='ltr'><strong>injustis.</strong></span> <span class='ocrx_word' id='word_1_201' title='bbox 724 2047 739 2066; x_wconf 74' lang='lat' dir='ltr'><em>n</em></span> <span class='ocrx_word' id='word_1_202' title='bbox 761 2027 860 2070; x_wconf 86' lang='lat' dir='ltr'><strong>Haec</strong></span> <span class='ocrx_word' id='word_1_203' title='bbox 883 2027 998 2069; x_wconf 90' lang='lat' dir='ltr'><strong>enim</strong></span> <span class='ocrx_word' id='word_1_204' title='bbox 1029 2042 1128 2070; x_wconf 89' lang='lat' dir='ltr'><strong>cum</strong></span> <span class='ocrx_word' id='word_1_205' title='bbox 1158 2016 1215 2070; x_wconf 27' lang='lat' dir='ltr'><strong>sit.</strong></span> <span class='ocrx_word' id='word_1_206' title='bbox 1244 2027 1479 2085; x_wconf 86' lang='lat' dir='ltr'><strong>alienigena</strong></span> <span class='ocrx_word' id='word_1_207' title='bbox 1501 2035 1544 2070; x_wconf 88' lang='lat' dir='ltr'><strong>et</strong></span> <span class='ocrx_word' id='word_1_208' title='bbox 1565 2026 1762 2070; x_wconf 85' lang='lat' dir='ltr'><strong>Moabitis</strong></span> 
     </span>
     <span class='ocr_line' id='line_1_27' title="bbox 404 2095 1764 2156; baseline 0.003 -20"><span class='ocrx_word' id='word_1_209' title='bbox 404 2095 664 2152; x_wconf 78' lang='lat' dir='ltr'><strong>(praesertim</strong></span> <span class='ocrx_word' id='word_1_210' title='bbox 687 2109 785 2138; x_wconf 90' lang='lat' dir='ltr'><strong>cum</strong></span> <span class='ocrx_word' id='word_1_211' title='bbox 808 2096 895 2138; x_wconf 84' lang='lat' dir='ltr'><strong>Lex</strong></span> <span class='ocrx_word' id='word_1_212' title='bbox 919 2095 1051 2153; x_wconf 85' lang='lat' dir='ltr'><strong>Moysi</strong></span> <span class='ocrx_word' id='word_1_213' title='bbox 1073 2096 1322 2155; x_wconf 89' lang='lat' dir='ltr'><strong>prohiberet</strong></span> <span class='ocrx_word' id='word_1_214' title='bbox 1339 2096 1415 2140; x_wconf 86' lang='lat' dir='ltr'><strong>has</strong></span> <span class='ocrx_word' id='word_1_215' title='bbox 1435 2096 1626 2156; x_wconf 86' lang='lat' dir='ltr'><strong>nuptias,</strong></span> <span class='ocrx_word' id='word_1_216' title='bbox 1651 2096 1764 2141; x_wconf 74' lang='lat' dir='ltr'><strong>Moa-</strong></span> 
     </span>
     <span class='ocr_line' id='line_1_28' title="bbox 407 2165 1760 2226; baseline 0.002 -19"><span class='ocrx_word' id='word_1_217' title='bbox 407 2165 602 2223; x_wconf 83' lang='lat' dir='ltr'><strong>bitasque</strong></span> <span class='ocrx_word' id='word_1_218' title='bbox 621 2167 867 2208; x_wconf 85' lang='lat' dir='ltr'><strong>excluderet</strong></span> <span class='ocrx_word' id='word_1_219' title='bbox 889 2166 941 2209; x_wconf 91' lang='lat' dir='ltr'><strong>ab</strong></span> <span class='ocrx_word' id='word_1_220' title='bbox 960 2165 1177 2216; x_wconf 85' lang='lat' dir='ltr'><strong>Ecclesia;</strong></span> <span class='ocrx_word' id='word_1_221' title='bbox 1202 2167 1262 2211; x_wconf 89' lang='lat' dir='ltr'><strong>sic</strong></span> <span class='ocrx_word' id='word_1_222' title='bbox 1285 2167 1399 2211; x_wconf 88' lang='lat' dir='ltr'><strong>enim</strong></span> <span class='ocrx_word' id='word_1_223' title='bbox 1426 2168 1634 2226; x_wconf 86' lang='lat' dir='ltr'><strong>scriptum</strong></span> <span class='ocrx_word' id='word_1_224' title='bbox 1665 2174 1760 2211; x_wconf 78' lang='lat' dir='ltr'><strong>est:</strong></span> 
     </span>
     <span class='ocr_line' id='line_1_29' title="bbox 411 2236 1762 2297; baseline 0.004 -21"><span class='ocrx_word' id='word_1_225' title='bbox 411 2253 428 2276; x_wconf 73' lang='grc' dir='ltr'>ι</span> <span class='ocrx_word' id='word_1_226' title='bbox 445 2236 640 2280; x_wconf 81' lang='lat' dir='ltr'><strong>Moabitae</strong></span> <span class='ocrx_word' id='word_1_227' title='bbox 665 2251 752 2280; x_wconf 91' lang='lat' dir='ltr'><strong>non</strong></span> <span class='ocrx_word' id='word_1_228' title='bbox 774 2236 1014 2281; x_wconf 88' lang='lat' dir='ltr'><strong>introibunt</strong></span> <span class='ocrx_word' id='word_1_229' title='bbox 1036 2237 1077 2280; x_wconf 90' lang='lat' dir='ltr'><strong>in</strong></span> <span class='ocrx_word' id='word_1_230' title='bbox 1105 2238 1341 2282; x_wconf 87' lang='lat' dir='ltr'><strong>Ecclesiam</strong></span> <span class='ocrx_word' id='word_1_231' title='bbox 1362 2238 1535 2282; x_wconf 89' lang='lat' dir='ltr'><strong>Domini</strong></span> <span class='ocrx_word' id='word_1_232' title='bbox 1555 2253 1690 2297; x_wconf 83' lang='lat' dir='ltr'><strong>usque</strong></span> <span class='ocrx_word' id='word_1_233' title='bbox 1711 2239 1762 2283; x_wconf 82' lang='lat' dir='ltr'><strong>ad</strong></span> 
     </span>
     <span class='ocr_line' id='line_1_30' title="bbox 398 2306 1765 2367; baseline 0.002 -18"><span class='ocrx_word' id='word_1_234' title='bbox 398 2306 598 2350; x_wconf 78' lang='lat' dir='ltr'><strong>»tertiam</strong></span> <span class='ocrx_word' id='word_1_235' title='bbox 630 2315 672 2349; x_wconf 90' lang='lat' dir='ltr'><strong>et</strong></span> <span class='ocrx_word' id='word_1_236' title='bbox 705 2315 899 2365; x_wconf 81' lang='lat' dir='ltr'><strong>quartam</strong></span> <span class='ocrx_word' id='word_1_237' title='bbox 932 2308 1279 2366; x_wconf 86' lang='lat' dir='ltr'><strong>generationem,</strong></span> <span class='ocrx_word' id='word_1_238' title='bbox 1311 2317 1356 2352; x_wconf 87' lang='lat' dir='ltr'><strong>et</strong></span> <span class='ocrx_word' id='word_1_239' title='bbox 1390 2323 1525 2367; x_wconf 86' lang='lat' dir='ltr'><strong>usque</strong></span> <span class='ocrx_word' id='word_1_240' title='bbox 1554 2308 1598 2352; x_wconf 87' lang='lat' dir='ltr'><strong>in</strong></span> <span class='ocrx_word' id='word_1_241' title='bbox 1629 2322 1765 2352; x_wconf 80' lang='lat' dir='ltr'><strong>saecu-</strong></span> 
     </span>
     <span class='ocr_line' id='line_1_31' title="bbox 397 2376 1766 2438; baseline 0.003 -19"><span class='ocrx_word' id='word_1_242' title='bbox 397 2376 544 2436; x_wconf 72' lang='lat' dir='ltr'><strong>lum‘)</strong></span> <span class='ocrx_word' id='word_1_243' title='bbox 566 2380 786 2436; x_wconf 88' lang='lat' dir='ltr'><strong>quomodo</strong></span> <span class='ocrx_word' id='word_1_244' title='bbox 807 2378 980 2422; x_wconf 83' lang='lat' dir='ltr'><strong>intravit</strong></span> <span class='ocrx_word' id='word_1_245' title='bbox 1002 2378 1045 2422; x_wconf 91' lang='lat' dir='ltr'><strong>in</strong></span> <span class='ocrx_word' id='word_1_246' title='bbox 1077 2379 1314 2424; x_wconf 88' lang='lat' dir='ltr'><strong>Ecclesiam</strong></span> <span class='ocrx_word' id='word_1_247' title='bbox 1329 2376 1353 2431; x_wconf 43' lang='lat'><strong>,‘</strong></span> <span class='ocrx_word' id='word_1_248' title='bbox 1373 2380 1456 2424; x_wconf 82' lang='lat' dir='ltr'><strong>nisi</strong></span> <span class='ocrx_word' id='word_1_249' title='bbox 1486 2379 1585 2438; x_wconf 89' lang='lat' dir='ltr'><strong>quia</strong></span> <span class='ocrx_word' id='word_1_250' title='bbox 1620 2386 1766 2423; x_wconf 77' lang='lat' dir='ltr'><strong>sancta</strong></span> 
     </span>
     <span class='ocr_line' id='line_1_32' title="bbox 400 2447 1768 2509; baseline 0.005 -20"><span class='ocrx_word' id='word_1_251' title='bbox 400 2455 443 2489; x_wconf 91' lang='lat' dir='ltr'><strong>et</strong></span> <span class='ocrx_word' id='word_1_252' title='bbox 476 2447 750 2493; x_wconf 84' lang='lat' dir='ltr'><strong>immaculata</strong></span> <span class='ocrx_word' id='word_1_253' title='bbox 783 2450 974 2494; x_wconf 87' lang='lat' dir='ltr'><strong>moribus</strong></span> <span class='ocrx_word' id='word_1_254' title='bbox 999 2464 1126 2509; x_wconf 86' lang='lat' dir='ltr'><strong>supra</strong></span> <span class='ocrx_word' id='word_1_255' title='bbox 1157 2451 1296 2509; x_wconf 85' lang='lat' dir='ltr'><strong>legem</strong></span> <span class='ocrx_word' id='word_1_256' title='bbox 1329 2450 1439 2497; x_wconf 76' lang='lat' dir='ltr'><strong>sacta</strong></span> <span class='ocrx_word' id='word_1_257' title='bbox 1470 2448 1625 2496; x_wconf 65' lang='lat' dir='ltr'><strong>amsi</strong></span> <span class='ocrx_word' id='word_1_258' title='bbox 1651 2449 1768 2496; x_wconf 83' lang='lat' dir='ltr'><strong>enim</strong></span> 
     </span>
    </p>
   </div>
   <div class='ocr_carea' id='block_1_3' title="bbox 398 2516 1768 2663">
    <p class='ocr_par' dir='ltr' id='par_1_4' title="bbox 398 2516 1768 2663">
     <span class='ocr_line' id='line_1_33' title="bbox 398 2516 1768 2589; baseline 0.007 -29"><span class='ocrx_word' id='word_1_259' title='bbox 398 2516 486 2564; x_wconf 83' lang='lat' dir='ltr'><strong>Lex</strong></span> <span class='ocrx_word' id='word_1_260' title='bbox 507 2517 648 2579; x_wconf 86' lang='lat' dir='ltr'><strong>impiis</strong></span> <span class='ocrx_word' id='word_1_261' title='bbox 673 2528 717 2564; x_wconf 89' lang='lat' dir='ltr'><strong>et</strong></span> <span class='ocrx_word' id='word_1_262' title='bbox 745 2521 1045 2582; x_wconf 83' lang='lat' dir='ltr'><strong>peccatoribus</strong></span> <span class='ocrx_word' id='word_1_263' title='bbox 1066 2521 1202 2583; x_wconf 84' lang='lat' dir='ltr'><strong>posita</strong></span> <span class='ocrx_word' id='word_1_264' title='bbox 1223 2531 1310 2575; x_wconf 87' lang='lat' dir='ltr'><strong>est,</strong></span> <span class='ocrx_word' id='word_1_265' title='bbox 1335 2522 1485 2586; x_wconf 80' lang='lat' dir='ltr'><strong>utique</strong></span> <span class='ocrx_word' id='word_1_266' title='bbox 1504 2521 1642 2576; x_wconf 72' lang='lat' dir='ltr'><strong>Ruth,</strong></span> <span class='ocrx_word' id='word_1_267' title='bbox 1673 2536 1768 2589; x_wconf 54' lang='lat' dir='ltr'><strong>quin</strong></span> 
     </span>
     <span class='ocr_line' id='line_1_34' title="bbox 449 2610 1251 2663; baseline 0.01 -18"><span class='ocrx_word' id='word_1_268' title='bbox 449 2614 458 2633; x_wconf 87' lang='lat'>¹</span> <span class='ocrx_word' id='word_1_269' title='bbox 481 2621 491 2656; x_wconf 59' lang='lat' dir='ltr'><strong>i</strong></span> <span class='ocrx_word' id='word_1_270' title='bbox 509 2610 599 2654; x_wconf 79' lang='lat' dir='ltr'><strong>Tim,</strong></span> <span class='ocrx_word' id='word_1_271' title='bbox 615 2623 638 2651; x_wconf 83' lang='grc' dir='ltr'><strong>ι,</strong></span> <span class='ocrx_word' id='word_1_272' title='bbox 651 2624 682 2663; x_wconf 78' lang='lat'><strong>9.</strong></span> <span class='ocrx_word' id='word_1_273' title='bbox 705 2631 745 2645; x_wconf 65' lang='lat' dir='ltr'>v</span> <span class='ocrx_word' id='word_1_274' title='bbox 765 2623 777 2639; x_wconf 90' lang='grc'><em>·</em></span> <span class='ocrx_word' id='word_1_275' title='bbox 798 2614 897 2654; x_wconf 78' lang='lat' dir='ltr'><strong>Deut.</strong></span> <span class='ocrx_word' id='word_1_276' title='bbox 916 2625 1013 2658; x_wconf 65' lang='lat' dir='ltr'><strong>xxiii,</strong></span> <span class='ocrx_word' id='word_1_277' title='bbox 1030 2614 1065 2656; x_wconf 71' lang='grc' dir='ltr'><strong>δ,</strong></span> <span class='ocrx_word' id='word_1_278' title='bbox 1078 2631 1118 2640; x_wconf 90' lang='grc'><strong>-</strong></span> <span class='ocrx_word' id='word_1_279' title='bbox 1136 2615 1149 2639; x_wconf 77' lang='lat'>³</span> <span class='ocrx_word' id='word_1_280' title='bbox 1165 2613 1251 2656; x_wconf 71' lang='lat' dir='ltr'><strong>Ibid·</strong></span> 
     </span>
    </p>
   </div>
  </div>
 </body>
</html>
