1800 3268
346 336 401 394 76
898 352 928 380 s.
971 351 1165 381 amnnosu

346 430 502 474 dicitur
523 431 640 474 :ulte
663 431 704 474 in
729 431 878 474 orbem
905 432 1149 474 universum
1165 464 1175 481 ,
1198 439 1242 475 et
1267 429 1496 490 praedicate
1515 430 1713 491 Evange·

344 503 477 545 »lium
490 502 524 552 ’ς
541 521 556 542 »
577 511 624 547 nt
644 503 897 562 evangelicae
913 503 1226 563 praedicationis
1245 503 1469 563 vestigium
1486 501 1712 562 proferen-

345 580 407 615 tes
434 605 445 622 ,
502 581 591 616 toto
646 573 972 617 Dominicorum
1021 574 1174 616 seriem
1233 573 1562 617 circumferrent
1606 572 1712 615 orbe

343 653 573 702 gestorum.
613 644 688 688 Est
725 645 853 703 igitur
883 647 1222 688 calceamentum
1249 644 1441 703 nuptiale
1468 642 1710 702 evangelica

342 714 601 773 praedicatio.
631 714 716 759 Sed
733 716 787 759 de
809 716 892 760 hoc
917 715 1201 775 opportunius
1219 714 1379 774 aliquid
1400 714 1443 758 in
1466 713 1556 758 aliis
1579 713 1712 773 expli·

344 786 575 830 cabimus².
1419 799 1422 803 '

413 859 535 916 «Ipse
558 873 629 902 vos
651 859 884 919 baptizabit
906 859 948 902 in
971 858 1132 918 Spiritu
1155 866 1324 909 sancto,
1349 866 1392 901 et
1408 856 1495 917 igni
1515 871 1527 900 ε
1546 856 1712 900 habens

340 930 653 975 »ventilabrum
681 931 723 974 in
749 947 879 974 manu
902 946 976 974 sua
992 963 1003 980 ,
1027 939 1071 975 et
1097 930 1296 990 purgabit
1327 943 1468 972 aream
1497 943 1617 972 suam
1634 961 1646 981 ‚
1668 936 1712 972 et

343 1018 359 1040 ι
373 1002 649 1060 congregabit
664 1002 855 1046 triticum
874 1002 916 1045 in
931 1002 1134 1045 horreum
1147 1016 1271 1045 suum
1294 1015 1304 1043 z
1324 1000 1465 1060 paleas
1473 1008 1615 1044 autem
1625 998 1711 1056 igni

341 1088 357 1110 ι
372 1072 597 1115 comburet
620 1072 970 1132 inextinguibili³.
991 1091 1006 1113 ι

399 1141 622 1186 LXXXII.
657 1143 854 1187 «liabens
882 1143 1168 1186 ventilabrum
1200 1143 1242 1186 in
1275 1157 1419 1186 manu.
1438 1160 1454 1183 ι
1475 1139 1713 1187 Ventilabri

341 1211 499 1256 indicio
522 1213 955 1257 discriminandorum
977 1214 1187 1258 Dominus
1208 1214 1449 1258 declaratur
1465 1213 1535 1272 jus
1554 1212 1714 1257 habero

337 1283 613 1334 meritorum;
637 1299 688 1327 eo
719 1285 835 1343 quod
858 1286 960 1327 dum
986 1285 1152 1328 frumen
1165 1293 1205 1328 ta
1236 1285 1279 1328 in
1303 1299 1400 1328 area
1428 1283 1709 1332 ventilantur,

339 1353 462 1410 plena
481 1368 503 1396 a
521 1353 683 1405 vacuis,
707 1355 758 1398 ab
779 1355 977 1398 inanibus
998 1355 1217 1398 fructuosa
1241 1354 1373 1398 veluti
1390 1354 1578 1413 quodam
1600 1366 1712 1396 ουτω

339 1423 535 1481 spirantis
547 1426 742 1469 examine
759 1435 1026 1485 separantur.
1047 1427 1128 1470 Per
1144 1426 1256 1470 hanc
1274 1426 1403 1485 igitur
1423 1424 1710 1485 comparatio·
1736 1423 1740 1427 ’

338 1507 436 1536 nem
461 1495 698 1538 ostenditur
726 1497 842 1553 quod
875 1496 1081 1539 Dominus
1108 1495 1258 1555 judicii
1288 1495 1359 1539 die
1387 1494 1533 1539 solidae
1556 1494 1708 1539 merita

315 1564 586 1624 .l'ructusque
609 1566 776 1610 virtutis
798 1567 850 1610 ab
869 1567 1005 1610 inanis
1026 1567 1266 1626 jactantiae‚
1294 1567 1557 1626 exiliumque
1572 1566 1709 1611 facto·

339 1649 434 1678 rum
453 1635 712 1680 infructuosa
725 1637 895 1681 levitate
909 1637 1124 1682 discernat
1137 1655 1147 1681 z
1160 1637 1426 1698 perfectioris
1441 1638 1582 1682 meriti
1598 1638 1709 1681 viros

335 1707 552 1751 locaturus
573 1708 615 1751 in
633 1709 855 1752 mansione
878 1710 1055 1753 coelesti.
1079 1710 1172 1769 Ipse
1199 1709 1313 1753 enim
1338 1709 1571 1769 perfectior
1594 1709 1707 1752 sruc-

337 1786 404 1821 tus
425 1787 509 1829 est,
537 1779 610 1837 qui
633 1781 838 1824 meruerit
859 1780 952 1839 ejus
977 1796 1068 1824 esse
1091 1781 1348 1831 conformis,
1372 1781 1446 1840 qui
1470 1781 1583 1825 sicut
1607 1795 1704 1840 gra-

338 1864 441 1892 num
471 1849 601 1893 tritici
625 1851 803 1900 cecidit;
824 1860 872 1895 ut
896 1853 1102 1911 plurimos
1122 1853 1285 1896 fructus
1305 1852 1478 1897 afferret
1497 1853 1540 1896 in
1562 1852 1703 1901 nobis,

332 1919 491 1962 invisus
519 1921 671 1978 paleis,
703 1920 901 1965 inanibus
919 1923 1081 1966 meritis
1104 1938 1190 1966 non
1218 1923 1394 1967 amicus.
1419 1923 1473 1967 Et
1490 1922 1586 1967 ideo
1609 1930 1708 1967 aule

334 2005 433 2032 eum
458 1990 564 2048 ignis
581 1990 761 2040 ardebit,
783 2007 866 2034 non
885 2002 1034 2035 natura
1055 1993 1118 2035 sui
1141 1993 1311 2040 noxius:
1331 2001 1482 2052 utpote
1499 1992 1571 2051 qui
1595 1993 1707 2036 mala

335 2061 619 2120 improbitatis
652 2070 824 2111 exurat,
866 2064 1137 2122 splendorem
1175 2063 1401 2121 probitatis
1439 2062 1698 2107 accumulet.

405 2133 609 2176 ·Facmm
631 2141 695 2176 est
718 2141 877 2181 autem,
903 2148 1002 2176 cum
1018 2133 1259 2192 baptizatus
1277 2141 1390 2176 esset
1410 2133 1549 2176 omnis
1566 2148 1703 2192 popu-

335 2203 428 2247 »lus
444 2237 453 2251 .
476 2213 519 2246 et
540 2203 644 2247 Jesu
670 2203 885 2262 baptizato
903 2237 912 2253 ,
941 2213 983 2247 et
1010 2212 1182 2252 orante,
1210 2213 1403 2263 apertum
1433 2212 1498 2247 est
1517 2205 1673 2247 coelum
1688 2235 1702 2256 ‚

332 2282 404 2317 »et
435 2273 656 2318 descendit
683 2274 864 2332 Spiritus
896 2284 1068 2318 sanctus
1092 2274 1304 2334 corporali
1327 2275 1469 2334 specie
1493 2275 1604 2318 sicut
1633 2289 1703 2319 co·

334 2346 506 2389 »lumba
537 2346 578 2388 in
609 2346 746 2405 ipsum
771 2360 781 2387 :
802 2353 844 2388 et
866 2361 948 2388 vox
970 2346 1023 2388 de
1048 2347 1158 2389 coelo
1180 2345 1290 2389 sacta
1314 2355 1375 2389 est
1395 2346 1555 2390 :Filius
1581 2361 1702 2390 meus

330 2433 403 2461 »es
430 2425 500 2466 tu.
525 2417 567 2460 in
590 2426 631 2461 te
657 2417 943 2476 complacui&
963 2437 979 2457 ι

390 2488 629 2532 LXXXlll.
667 2489 910 2547 Baptizatus
931 2498 995 2533 cst
1015 2505 1116 2548 ergo
1139 2488 1348 2532 Dominus
1379 2504 1465 2533 non
1501 2490 1701 2535 mundari

330 2559 491 2605 volens.
513 2560 586 2602 sed
604 2561 811 2603 mundare
829 2576 978 2619 aquas3
1001 2569 1047 2604 ut
1065 2560 1219 2603 ablutae
1237 2576 1313 2620 per
1330 2568 1503 2605 carnem
1521 2561 1696 2615 Christi,

332 2644 426 2688 quae
455 2638 682 2690 peccatum
712 2646 797 2674 non
831 2632 1056 2690 cognovit,
1081 2631 1346 2690 baptismatis
1373 2632 1443 2691 jus
1472 2633 1692 2678 haberent.

378 2733 387 2750 ¹
411 2724 511 2758 Marc.
530 2725 665 2766 xv1,15.
681 2742 721 2751 —
738 2733 749 2750 ·
772 2725 836 2759 lui,
856 2735 925 2770 cap.
945 2737 991 2759 ιο.
1011 2743 1051 2754 -
1068 2727 1082 2752 ³
1097 2726 1177 2760 Luc.
1194 2737 1247 2768 ur,
1268 2737 1316 2770 ¹7·
1331 2745 1372 2753 —
1391 2729 1405 2758 4
1424 2725 1510 2762 lbid.
1526 2737 1579 2766 at,
1593 2737 1648 2762 υ.
