1846 3262
359 311 439 355 188
904 320 939 350 s.
976 317 1170 350 amnaosu

350 403 502 447 »vidua
523 419 534 447 z
557 410 599 446 et
623 399 749 444 turba
776 398 911 442 multa
939 397 1121 442 civitatis
1143 409 1242 439 cum
1262 394 1346 439 ina,
1372 394 1514 449 Quam
1531 408 1632 439 cum
1650 393 1719 438 vi->

350 492 366 515 ι
381 475 499 518 deret
515 471 736 520 Dominus,
755 468 1046 513 misericordia
1065 474 1222 516 motus,
1239 465 1344 510 dixit
1358 465 1416 509 illi
1439 480 1449 508 ε
1469 463 1563 511 Noli
1586 463 1704 509 llere.

350 563 365 585 ι
379 545 431 587 Et
447 542 647 591 accessit,
670 548 713 584 et
734 539 870 599 tetigit
887 540 1078 583 loculum
1094 537 1126 581 ¹.
1150 555 1166 577 n
1415 546 1424 554 ‘

407 612 649 658 LXXXIX.
676 611 729 654 Ει
748 610 818 654 hic
837 610 1027 653 locus'ad
1046 617 1273 666 utramque
1289 606 1711 667 redundatgratiam,

349 693 397 729 ut
427 693 471 728 et
497 683 582 728 cito
614 681 730 726 ssecti
754 681 941 725 divinam
962 677 1299 724 misericordiam
1332 678 1480 722 matris
1500 677 1637 722 viduae
1657 678 1717 722 la-

348 755 609 801 mentatione
630 753 883 803 credamus,
915 751 1008 809 ejus
1039 750 1255 810 praecipue
1282 764 1375 808 quae
1404 749 1522 794 unici
1550 748 1626 795 filii
1647 750 1716 794 vel

347 828 514 878 labore,
545 827 613 870 vel
636 833 775 870 morte
802 823 1050 882 frangatur3
1082 821 1152 866 cui
1174 831 1319 865 tamen
1345 821 1482 866 viduae
1503 821 1715 880 gravitatis

346 899 548 943 meritum
565 897 841 955 exequiarum
861 894 984 939 turba
1004 893 1203 937 conciliat
1224 906 1234 935 ε
1259 900 1303 936 et
1321 891 1433 936 hanc
1455 892 1626 936 viduam
1642 906 1716 951 po-

347 971 547 1030 pulorum
568 969 691 1012 turha
721 975 908 1027 septam,
931 967 1024 1026 plus
1047 963 1181 1008 videri
1203 979 1296 1008 csse
1316 978 1444 1022 quam
1467 963 1685 1021 soeminam
1700 995 1712 1014 ,

347 1056 441 1100 quae
471 1039 828 1084 resurrectionem
858 1036 974 1080 unici
1003 1034 1281 1079 adolescentis
1311 1032 1386 1077 filii
1419 1034 1484 1077 sni
1514 1034 1716 1094 lacrymis

347 1111 551 1155 meruerit
583 1111 837 1169 impetrare:
876 1123 928 1152 eo
966 1107 1084 1165 quod
1109 1115 1254 1149 sancta
1286 1105 1478 1148 Ecclesia
1508 1106 1715 1164 populum

348 1182 560 1240 juniorem
591 1197 612 1224 a
645 1195 800 1239 pompa
844 1178 1029 1228 funeris,
1067 1186 1192 1234 atque
1226 1191 1247 1218 a
1290 1175 1501 1234 supremis
1529 1175 1715 1234 sepulcri

348 1268 520 1296 suarum
543 1259 716 1295 revocet
748 1252 800 1294 ad
832 1250 960 1293 vitam
1000 1246 1361 1309 contemplatione
1397 1247 1711 1306 lacrymarum:

347 1338 439 1382 qua:
462 1322 564 1366 ssere
587 1321 857 1381 prohibetur,
879 1335 977 1363 cum
996 1318 1035 1361 ei
1053 1316 1311 1361 resurrectio
1335 1317 1554 1361 debeatur.

407 1393 500 1438 XC.
542 1393 627 1446 Qui
650 1393 822 1450 quidem
839 1399 1034 1434 mortuus
1057 1389 1098 1431 iu
1124 1389 1290 1438 loculo,
1314 1387 1604 1431 materialibus
1619 1402 1718 1446 qua-

349 1474 447 1508 tuor
468 1466 521 1508 ad
545 1465 789 1522 sepulcrum
816 1462 1032 1506 serebatur
1054 1461 1274 1503 elementis
1298 1475 1307 1502 :
1332 1461 1405 1503 sed
1430 1473 1550 1518 spem
1574 1474 1717 1502 resur-

350 1536 476 1594 gendi
501 1535 712 1584 habebat;
745 1535 843 1592 quia
869 1533 1084 1576 serebatur
1120 1532 1159 1573 in
1192 1532 1321 1590 liguo.
1350 1531 1478 1584 Quod
1499 1530 1576 1574 etsi
1593 1529 1716 1573 nobis

351 1615 448 1650 ante
479 1621 564 1649 non
599 1607 826 1665 proderat;
852 1614 992 1647 tamen
1014 1611 1291 1661 posteaquam
1313 1601 1439 1645 Jesus
1479 1601 1521 1645 id
1546 1600 1711 1659 tetigit,

348 1676 556 1736 proficere
577 1677 707 1735 coepit
728 1677 780 1718 ad
801 1676 954 1723 vitam:
977 1683 1022 1716 ut
1038 1681 1151 1716 esset
1172 1672 1330 1716 indicio
1352 1673 1531 1716 salutem
1553 1671 1715 1731 populo

346 1762 422 1806 per
456 1747 595 1790 crucis
630 1746 867 1805 patibulum
904 1744 1230 1787 refundendam.
1274 1742 1432 1786 Audito
1472 1742 1602 1800 igitur
1637 1741 1716 1784 Dei

349 1817 502 1866 verbo,
528 1825 737 1860 steterunt
759 1816 898 1860 acerbi
932 1815 1041 1857 illius
1068 1814 1226 1857 suncris
1250 1814 1501 1872 portitorcS‚
1528 1812 1599 1870 qui
1624 1827 1715 1855 cor-

344 1905 421 1949 pus
449 1889 684 1933 humanum
710 1887 854 1932 lethali
881 1886 999 1930 ssuxu
1028 1894 1188 1930 naturae
1220 1885 1452 1929 materialis
1481 1885 1703 1943 urgebant.

350 1959 466 2012 Quid
486 1959 600 2002 enim
624 1959 760 2008 aliud,
783 1958 862 2001 nisi
881 1957 999 2016 quasi
1030 1957 1293 2014 iuquodam
1320 1955 1501 2005 feretro,
1525 1955 1609 1998 hoc
1626 1963 1713 2003 cst.

344 2031 530 2089 supremi
549 2029 706 2074 funeris
730 2030 1011 2072 instrumento
1039 2027 1229 2085 jacemus
1251 2026 1468 2069 exanimes
1486 2059 1497 2074 ,
1521 2039 1620 2068 cum
1641 2024 1709 2068 vel

345 2100 452 2159 ignis
473 2100 711 2143 immodicae
738 2098 982 2157 cupiditatis
1008 2104 1232 2144 exaestuat,
1257 2097 1324 2138 vel
1348 2095 1522 2154 frigidus
1547 2094 1708 2138 humor

344 2171 553 2218 exundat.
578 2171 641 2213 vel
667 2170 782 2228 pigra
805 2169 987 2227 quadam
1012 2166 1204 2226 corporis
1233 2165 1483 2209 habitudine
1509 2165 1627 2224 vigor
1644 2164 1716 2208 he·

344 2242 515 2286 betatur
550 2241 815 2289 animorum,
851 2241 918 2282 vel
948 2245 1147 2282 concreta
1193 2248 1337 2279 noster
1376 2236 1549 2296 spiritus
1592 2235 1711 2284 labe.

345 2328 462 2373 purae
486 2313 593 2356 lucis
629 2327 785 2356 vacuus
817 2318 1003 2354 mentem
1026 2307 1127 2352 aliti)
1156 2307 1209 2350 lli
1242 2316 1341 2351 sunt
1378 2307 1512 2351 nostri
1553 2306 1714 2351 funeris

350 2386 589 2444 portitores.

404 2454 517 2498 XCI.
553 2454 638 2498 Sed
666 2453 856 2511 quamvis
890 2467 1086 2511 suprema
1120 2449 1423 2507 mortis‚spem
1454 2448 1548 2491 vitae
1570 2446 1714 2490 omnis

346 2525 607 2574 aboluerint,
631 2533 674 2568 et
694 2525 859 2568 tumulo
881 2524 1072 2582 proxima
1097 2535 1279 2580 corpora
1300 2520 1473 2578 jaceant
1489 2519 1715 2563 defuncto-

345 2610 465 2645 rum3
483 2595 612 2639 verbo
630 2604 772 2639 tamen
789 2595 866 2639 Dei
883 2594 969 2653 jam
991 2594 1198 2638 moritura
1223 2600 1454 2651 resurgunt
1475 2591 1681 2635 cadavera
1701 2621 1713 2638 ‚

394 2693 403 2709 ¹
427 2687 506 2720 Luc.
522 2697 582 2726 vn,
603 2685 708 2725 ¹²⁴4·
