1846 3262
356 275 440 332 392
923 278 958 307 s.
995 274 1190 307 ausaosu

353 365 447 408 aeris
471 362 695 411 excludat,
719 359 785 404 ml
813 356 1019 417 religiosis
1046 354 1270 400 affectibus
1295 354 1482 400 habendi
1512 351 1723 416 cupiditas

354 436 577 479 inseratur.
599 432 693 477 Non
715 445 817 490 ergo
836 444 985 473 omnes
1000 427 1281 470 excludantur
1302 427 1603 478 nummularii;
1626 437 1726 473 sunt

358 506 534 551 enimet
543 503 659 547 boni.
681 502 891 560 Denique,
909 498 1165 545 «Pecuniam
1182 512 1339 548 meam,
1357 497 1496 556 inquit
1510 532 1521 549 ,
1541 498 1727 544 dedisses

357 574 684 621 »nummulariis
706 607 717 624 ‚
758 581 802 617 et
838 587 917 631 ego
950 570 1126 615 veniens
1163 583 1263 612 cum
1295 569 1436 612 usuris
1471 568 1728 629 recepissem

360 669 375 688 a
390 646 528 691 eam¹.
541 665 557 686 n
581 645 709 699 Quod
727 643 761 688 si
778 657 981 686 nummus
1003 648 1069 684 est
1088 638 1407 698 scripturarum
1420 671 1433 691 ,
1457 648 1501 684 et
1518 654 1645 685 usura
1666 648 1731 685 est

359 719 694 777 Scripturarum.

419 788 541 834 XIX.
597 786 832 831 cathedras
874 793 1018 828 autem
1070 786 1347 831 vendentium
1392 784 1616 830 columbas
1653 796 1733 827 cur

362 859 588 909 everterit,
617 859 853 903 secundum
875 857 1060 901 litteram
1087 874 1174 902 non
1202 857 1419 918 intelligo;
1451 869 1593 915 neque
1618 854 1735 899 enim

361 931 669 975 nundinatores
697 929 837 972 avium
865 928 1080 972 vindicare
1103 929 1182 973 sibi
1213 937 1413 988 poterant
1440 925 1646 972 honorati
1662 924 1737 970 ali-

364 1002 488 1060 cujus
510 1002 553 1045 in
572 1000 775 1044 nundinis
797 999 890 1042 solii
914 1000 1179 1058 dignitatem.
1211 1001 1319 1045 Nam
1344 1014 1439 1058 quae
1458 997 1738 1057 praerogativa

369 1072 588 1132 dignitatis
606 1080 670 1115 est
687 1071 731 1114 in
742 1070 981 1114 columbis?
994 1071 1211 1116 Admonet
1226 1080 1368 1115 tamen
1378 1069 1739 1115 Dominicisorma

368 1143 658 1203 baptismatis,
700 1143 871 1201 quando
910 1143 1132 1186 descendit
1169 1143 1350 1202 Spiritus
1389 1150 1560 1186 sanctus
1591 1139 1636 1184 in
1672 1154 1742 1184 co·

370 1216 516 1259 lumba
526 1214 559 1268 ²,
573 1223 675 1274 typo
683 1213 921 1272 ejectorum
934 1215 987 1258 de
1000 1223 1084 1258 tem
1091 1217 1160 1275 plo
1172 1215 1419 1274 hujusmodi
1435 1221 1738 1262 mercatorum,

371 1288 415 1331 in
445 1286 638 1331 Ecclesia
667 1285 745 1330 Dei
771 1288 1038 1342 consortium
1074 1302 1146 1330 eos
1178 1287 1337 1331 habere
1366 1301 1453 1330 non
1483 1299 1632 1344 posse,
1669 1282 1743 1342 qui

374 1358 510 1403 sancti
527 1356 711 1416 Spiritus
726 1357 906 1416 gratiam
923 1358 1230 1401 nundinentur.
1251 1355 1417 1400 «Gratis
1430 1355 1545 1399 enim
1558 1387 1569 1405 ‚
1587 1354 1742 1412 inquit,

373 1449 388 1468 ι
404 1428 650 1487 accepistis,
679 1428 808 1486 gratis
832 1426 972 1471 date⁸.
986 1446 1002 1468 n
1019 1427 1215 1486 Denique
1235 1426 1425 1477 Simoni,
1453 1425 1525 1485 qui
1555 1423 1745 1470 sanctifi-

375 1499 501 1543 candi
522 1513 680 1542 munus
697 1498 833 1556 pretio
852 1497 894 1540 in
911 1513 955 1541 se
972 1499 1135 1556 putavit
1150 1513 1273 1558 posse
1295 1485 1748 1555 confenisrespondit

374 1570 525 1614 Petrus
556 1568 820 1618 :«Pecunia‚
856 1567 1017 1625 inquit,
1053 1577 1124 1612 tua
1158 1568 1389 1612 tecum-sit
1417 1569 1460 1611 in
1495 1567 1742 1617 interitum3

378 1639 610 1698 »quoniam
637 1639 815 1697 gratiam
836 1639 914 1682 Dei
939 1647 1061 1698 putas
1085 1647 1127 1683 te
1152 1639 1332 1698 pecunia
1356 1639 1559 1698 consequi
1581 1653 1706 1699 posse
1732 1651 1743 1680 t

379 1726 495 1755 »non
516 1719 579 1754 est
601 1710 676 1754 tibi
702 1726 823 1769 pars,
845 1726 984 1769 neque
1002 1726 1097 1756 sors
1116 1711 1159 1754 in
1179 1711 1260 1755 hac
1279 1710 1405 1755 fide‘.
1423 1730 1440 1753 ι

439 1782 541 1827 ΧΧ.
581 1782 832 1826 venditores
853 1797 1025 1841 quoque
1045 1783 1188 1827 ovium
1210 1792 1255 1827 et
1277 1783 1410 1827 boum
1431 1798 1503 1828 eos
1521 1791 1624 1843 puto
1638 1817 1650 1835 ,
1675 1781 1749 1841 qui
1825 1779 1837 1790 ⁶

382 1855 436 1897 de
455 1854 602 1897 labore
623 1853 760 1896 alieno
783 1855 851 1896 vel
867 1853 1137 1912 simplicitate
1149 1887 1160 1904 ,
1179 1854 1279 1898 foedi
1299 1854 1613 1898 auctionatores
1629 1867 1750 1912 quas-

384 1925 482 1968 dam
515 1924 728 1968 nundinas
760 1924 1071 1983 aucupantur⁵2
1102 1933 1176 1968 aut
1201 1925 1299 1983 quia
1323 1941 1422 1969 oves
1451 1925 1685 1983 ejiciuntur
1711 1933 1755 1968 et

384 1998 532 2046 boves,
552 1996 762 2039 columbae
778 1996 985 2053 jubentur
1002 1996 1173 2046 auferri,
1194 1998 1379 2055 populus
1398 1997 1565 2040 videtur
1579 1997 1756 2040 Judaeus

384 2067 577 2118 excludi3
603 2067 801 2126 Ephraem
825 2067 938 2110 enim
963 2067 1074 2110 sicut
1095 2069 1319 2117 columba,
1350 2070 1467 2126 quod
1487 2083 1637 2111 eorum
1666 2068 1757 2111 Do-

388 2137 530 2181 minus
552 2147 596 2180 et
616 2138 906 2181 successiones
927 2138 1067 2197 oderit
1087 2147 1130 2182 ct
1155 2138 1360 2182 labores⁶.
1394 2139 1466 2182 AEs
1497 2138 1754 2191 effunditur,

389 2216 437 2250 ut
463 2207 595 2266 gratia
627 2208 852 2266 colligatur
880 2223 1057 2251 :mensa
1098 2209 1483 2252 nummulariorum
1522 2211 1754 2261 evertitur,

389 2287 436 2322 ut
448 2278 619 2322 Domini
639 2280 897 2337 subrogetur
918 2294 929 2321 t
951 2294 1020 2322 ara
1038 2279 1254 2338 dejicitur,
1279 2289 1327 2323 ut
1350 2281 1569 2338 erigantur
1594 2280 1752 2325 altaria.

446 2349 570 2394 XXI.
611 2350 751 2409 Atque
773 2351 854 2395 hoc
877 2367 963 2394 non
987 2352 1125 2409 aliqua
1149 2352 1395 2396 succinctus
1419 2368 1549 2396 manu
1577 2352 1757 2397 divitiis-

387 2436 471 2480 que
494 2420 697 2472 faciebat,
733 2423 807 2465 sed
835 2421 1004 2481 ssagello
1028 2425 1082 2466 dc
1106 2424 1288 2467 restibus
1311 2425 1503 2468 caedebat
1521 2425 1692 2475 turbas,
1714 2431 1759 2468 et

389 2495 531 2537 nullus
565 2494 758 2538 resistcre
795 2494 1020 2539 audebat⁷.
1055 2495 1112 2541 Et
1146 2511 1261 2539 nunc
1300 2496 1411 2556 virga
1449 2497 1605 2548 utitur,
1641 2511 1758 2542 nunc

436 2606 444 2620 ¹
468 2596 587 2629 Mutii..
604 2608 675 2632 xxv.
695 2609 743 2640 27.
760 2615 801 2622 —-
830 2608 840 2622 ¹
862 2599 938 2630 Luc.
957 2609 1008 2637 ιιι,
1028 2610 1080 2631 22.
1099 2617 1138 2623 -—
1163 2599 1176 2621 ³
1204 2600 1324 2632 Mami.
1343 2610 1372 2633 x.
1390 2599 1423 2632 8.
1439 2617 1481 2624 —
1498 2601 1511 2625 ⁴
1526 2599 1599 2635 Act.
1614 2610 1688 2638 nu.
1704 2610 1759 2641 ao,

396 2663 446 2685 ai.
461 2670 501 2676 —
518 2653 531 2676 ⁸
550 2650 648 2685 Joan.
665 2663 702 2689 ιι,
724 2654 815 2685 ι5.-
833 2655 848 2675 ‘³
863 2654 956 2688 Osee.
974 2665 1031 2692 vn,
1055 2665 1152 2687 11.—
1169 2660 1182 2681 ⁷
1202 2654 1299 2688 Joan.
1320 2666 1358 2694 ιι,
1381 2656 1430 2688 ι5.
