<?xml version="1.0" encoding="UTF-8"?>
<!DOCTYPE html PUBLIC "-//W3C//DTD XHTML 1.0 Transitional//EN"
    "http://www.w3.org/TR/xhtml1/DTD/xhtml1-transitional.dtd">
<html xmlns="http://www.w3.org/1999/xhtml" xml:lang="en" lang="en">
 <head>
  <title>
</title>
<meta http-equiv="Content-Type" content="text/html;charset=utf-8" />
  <meta name='ocr-system' content='tesseract 3.04.00' />
  <meta name='ocr-capabilities' content='ocr_page ocr_carea ocr_par ocr_line ocrx_word'/>
</head>
<body>
  <div class='ocr_page' id='page_1' title='image "./omniaequaeextant05ambruoft_0070.png"; bbox 0 0 1800 3268; ppageno 0'>
   <div class='ocr_carea' id='block_1_1' title="bbox 355 308 1170 349">
    <p class='ocr_par' dir='ltr' id='par_1_1' title="bbox 355 308 1170 349">
     <span class='ocr_line' id='line_1_1' title="bbox 355 308 1170 349; baseline -0.005 0"><span class='ocrx_word' id='word_1_1' title='bbox 355 308 413 349; x_wconf 87' lang='lat'>60</span> <span class='ocrx_word' id='word_1_2' title='bbox 903 317 938 346; x_wconf 87' lang='lat' dir='ltr'>s.</span> <span class='ocrx_word' id='word_1_3' title='bbox 977 314 1170 346; x_wconf 72' lang='lat' dir='ltr'>Aunnosu</span> 
     </span>
    </p>
   </div>
   <div class='ocr_carea' id='block_1_2' title="bbox 354 394 1782 2567">
    <p class='ocr_par' dir='ltr' id='par_1_2' title="bbox 354 394 1717 525">
     <span class='ocr_line' id='line_1_2' title="bbox 355 394 1717 457; baseline -0.001 -16"><span class='ocrx_word' id='word_1_4' title='bbox 355 398 548 457; x_wconf 81' lang='lat' dir='ltr'>gentibus</span> <span class='ocrx_word' id='word_1_5' title='bbox 569 403 723 440; x_wconf 83' lang='lat' dir='ltr'>sanctae</span> <span class='ocrx_word' id='word_1_6' title='bbox 744 395 957 455; x_wconf 83' lang='lat' dir='ltr'>religionis</span> <span class='ocrx_word' id='word_1_7' title='bbox 980 394 1272 439; x_wconf 86' lang='lat' dir='ltr'>testimonium</span> <span class='ocrx_word' id='word_1_8' title='bbox 1299 402 1556 446; x_wconf 80' lang='lat' dir='ltr'>sumeretur,</span> <span class='ocrx_word' id='word_1_9' title='bbox 1585 401 1630 440; x_wconf 83' lang='lat' dir='ltr'>et</span> <span class='ocrx_word' id='word_1_10' title='bbox 1650 394 1717 440; x_wconf 80' lang='lat' dir='ltr'>di-</span> 
     </span>
     <span class='ocr_line' id='line_1_3' title="bbox 354 467 907 525; baseline 0 -16"><span class='ocrx_word' id='word_1_11' title='bbox 354 467 439 510; x_wconf 90' lang='lat' dir='ltr'>vini</span> <span class='ocrx_word' id='word_1_12' title='bbox 465 467 626 509; x_wconf 86' lang='lat' dir='ltr'>timoris</span> <span class='ocrx_word' id='word_1_13' title='bbox 649 467 907 525; x_wconf 82' lang='lat' dir='ltr'>exemplum.</span> 
     </span>
    </p>

    <p class='ocr_par' dir='ltr' id='par_1_3' title="bbox 354 536 1782 1655">
     <span class='ocr_line' id='line_1_4' title="bbox 415 536 1721 597; baseline -0.001 -17"><span class='ocrx_word' id='word_1_14' title='bbox 415 536 601 580; x_wconf 81' lang='lat' dir='ltr'>XLVnt.</span> <span class='ocrx_word' id='word_1_15' title='bbox 639 536 724 579; x_wconf 87' lang='lat' dir='ltr'>Sed</span> <span class='ocrx_word' id='word_1_16' title='bbox 756 545 898 580; x_wconf 83' lang='lat' dir='ltr'>tamen</span> <span class='ocrx_word' id='word_1_17' title='bbox 929 536 1001 595; x_wconf 87' lang='lat' dir='ltr'>qui</span> <span class='ocrx_word' id='word_1_18' title='bbox 1037 544 1135 579; x_wconf 79' lang='lat' dir='ltr'>sunt</span> <span class='ocrx_word' id='word_1_19' title='bbox 1168 537 1234 581; x_wconf 86' lang='lat' dir='ltr'>isti</span> <span class='ocrx_word' id='word_1_20' title='bbox 1262 538 1399 597; x_wconf 82' lang='lat' dir='ltr'>Magi,</span> <span class='ocrx_word' id='word_1_21' title='bbox 1432 536 1511 580; x_wconf 80' lang='lat' dir='ltr'>nisi</span> <span class='ocrx_word' id='word_1_22' title='bbox 1544 536 1640 595; x_wconf 86' lang='lat' dir='ltr'>qui,</span> <span class='ocrx_word' id='word_1_23' title='bbox 1671 543 1721 579; x_wconf 82' lang='lat' dir='ltr'>ut</span> 
     </span>
     <span class='ocr_line' id='line_1_5' title="bbox 354 607 1720 667; baseline -0.001 -16"><span class='ocrx_word' id='word_1_24' title='bbox 354 607 528 651; x_wconf 83' lang='lat' dir='ltr'>historia</span> <span class='ocrx_word' id='word_1_25' title='bbox 548 607 740 666; x_wconf 85' lang='lat' dir='ltr'>quaedam</span> <span class='ocrx_word' id='word_1_26' title='bbox 765 610 918 658; x_wconf 82' lang='lat' dir='ltr'>docet,</span> <span class='ocrx_word' id='word_1_27' title='bbox 952 623 974 651; x_wconf 84' lang='lat' dir='ltr'>a</span> <span class='ocrx_word' id='word_1_28' title='bbox 1006 609 1178 652; x_wconf 78' lang='lat' dir='ltr'><strong>Balaam</strong></span> <span class='ocrx_word' id='word_1_29' title='bbox 1208 625 1341 667; x_wconf 86' lang='lat' dir='ltr'>genus</span> <span class='ocrx_word' id='word_1_30' title='bbox 1373 610 1564 657; x_wconf 83' lang='lat' dir='ltr'>ducunt.</span> <span class='ocrx_word' id='word_1_31' title='bbox 1588 622 1612 651; x_wconf 83' lang='grc'>11</span> <span class='ocrx_word' id='word_1_32' title='bbox 1635 621 1720 665; x_wconf 89' lang='lat' dir='ltr'>quo</span> 
     </span>
     <span class='ocr_line' id='line_1_6' title="bbox 354 677 1722 737; baseline -0.001 -17"><span class='ocrx_word' id='word_1_33' title='bbox 354 678 658 737; x_wconf 84' lang='lat' dir='ltr'>prophetatum</span> <span class='ocrx_word' id='word_1_34' title='bbox 688 687 752 721; x_wconf 87' lang='lat' dir='ltr'>est</span> <span class='ocrx_word' id='word_1_35' title='bbox 775 693 785 721; x_wconf 73' lang='grc' dir='ltr'><em>τ</em></span> <span class='ocrx_word' id='word_1_36' title='bbox 812 696 828 718; x_wconf 71' lang='grc' dir='ltr'><strong><em>α</em></strong></span> <span class='ocrx_word' id='word_1_37' title='bbox 846 679 1021 722; x_wconf 87' lang='lat' dir='ltr'>Orietur</span> <span class='ocrx_word' id='word_1_38' title='bbox 1050 680 1170 721; x_wconf 81' lang='lat' dir='ltr'>steila</span> <span class='ocrx_word' id='word_1_39' title='bbox 1202 695 1253 722; x_wconf 82' lang='lat' dir='ltr'>ex</span> <span class='ocrx_word' id='word_1_40' title='bbox 1287 677 1455 722; x_wconf 76' lang='lat' dir='ltr'>Jacob?</span> <span class='ocrx_word' id='word_1_41' title='bbox 1472 697 1490 717; x_wconf 75' lang='grc' dir='ltr'>ι</span> <span class='ocrx_word' id='word_1_42' title='bbox 1512 677 1585 720; x_wconf 76' lang='lat' dir='ltr'>Isti</span> <span class='ocrx_word' id='word_1_43' title='bbox 1620 691 1722 735; x_wconf 85' lang='lat' dir='ltr'>ergo</span> 
     </span>
     <span class='ocr_line' id='line_1_7' title="bbox 358 747 1723 807; baseline -0.001 -16"><span class='ocrx_word' id='word_1_44' title='bbox 358 757 458 792; x_wconf 85' lang='lat' dir='ltr'>sunt</span> <span class='ocrx_word' id='word_1_45' title='bbox 489 764 573 792; x_wconf 88' lang='lat' dir='ltr'>non</span> <span class='ocrx_word' id='word_1_46' title='bbox 601 749 741 792; x_wconf 81' lang='lat' dir='ltr'>minus</span> <span class='ocrx_word' id='word_1_47' title='bbox 772 748 868 791; x_wconf 75' lang='lat' dir='ltr'>ndei</span> <span class='ocrx_word' id='word_1_48' title='bbox 889 781 900 800; x_wconf 90' lang='lat'>,</span> <span class='ocrx_word' id='word_1_49' title='bbox 933 763 1061 807; x_wconf 81' lang='lat' dir='ltr'>quam</span> <span class='ocrx_word' id='word_1_50' title='bbox 1096 749 1377 792; x_wconf 74' lang='lat' dir='ltr'>successionis</span> <span class='ocrx_word' id='word_1_51' title='bbox 1403 748 1607 791; x_wconf 75' lang='lat' dir='ltr'>haeredes.</span> <span class='ocrx_word' id='word_1_52' title='bbox 1647 747 1723 790; x_wconf 82' lang='lat' dir='ltr'>lue</span> 
     </span>
     <span class='ocr_line' id='line_1_8' title="bbox 357 817 1725 879; baseline -0.003 -15"><span class='ocrx_word' id='word_1_53' title='bbox 357 822 521 864; x_wconf 82' lang='lat' dir='ltr'>stellam</span> <span class='ocrx_word' id='word_1_54' title='bbox 545 820 648 863; x_wconf 80' lang='lat' dir='ltr'>vidit</span> <span class='ocrx_word' id='word_1_55' title='bbox 679 820 721 863; x_wconf 93' lang='lat' dir='ltr'>in</span> <span class='ocrx_word' id='word_1_56' title='bbox 752 821 924 879; x_wconf 86' lang='lat' dir='ltr'>spiritu,</span> <span class='ocrx_word' id='word_1_57' title='bbox 948 820 1015 863; x_wconf 86' lang='lat' dir='ltr'>isti</span> <span class='ocrx_word' id='word_1_58' title='bbox 1040 821 1239 864; x_wconf 82' lang='lat' dir='ltr'>viderunt</span> <span class='ocrx_word' id='word_1_59' title='bbox 1267 820 1432 870; x_wconf 75' lang='lat' dir='ltr'>oculis,</span> <span class='ocrx_word' id='word_1_60' title='bbox 1462 828 1506 863; x_wconf 83' lang='lat' dir='ltr'>et</span> <span class='ocrx_word' id='word_1_61' title='bbox 1535 817 1725 863; x_wconf 82' lang='lat' dir='ltr'>credide-</span> 
     </span>
     <span class='ocr_line' id='line_1_9' title="bbox 355 889 1725 949; baseline -0.001 -17"><span class='ocrx_word' id='word_1_62' title='bbox 355 899 468 933; x_wconf 85' lang='lat' dir='ltr'>runt.</span> <span class='ocrx_word' id='word_1_63' title='bbox 498 890 706 934; x_wconf 82' lang='lat' dir='ltr'>Viderunt</span> <span class='ocrx_word' id='word_1_64' title='bbox 723 905 874 937; x_wconf 77' lang='lat' dir='ltr'>novam</span> <span class='ocrx_word' id='word_1_65' title='bbox 898 891 1062 933; x_wconf 80' lang='lat' dir='ltr'>stellam</span> <span class='ocrx_word' id='word_1_66' title='bbox 1077 923 1087 940; x_wconf 91' lang='lat'>,</span> <span class='ocrx_word' id='word_1_67' title='bbox 1113 906 1205 949; x_wconf 79' lang='lat' dir='ltr'>quae</span> <span class='ocrx_word' id='word_1_68' title='bbox 1228 906 1313 934; x_wconf 90' lang='lat' dir='ltr'>non</span> <span class='ocrx_word' id='word_1_69' title='bbox 1338 898 1431 935; x_wconf 84' lang='lat' dir='ltr'>erat</span> <span class='ocrx_word' id='word_1_70' title='bbox 1452 889 1538 933; x_wconf 71' lang='lat' dir='ltr'>visa</span> <span class='ocrx_word' id='word_1_71' title='bbox 1560 904 1582 932; x_wconf 78' lang='lat' dir='ltr'><strong>a</strong></span> <span class='ocrx_word' id='word_1_72' title='bbox 1603 903 1725 932; x_wconf 83' lang='lat' dir='ltr'>crea-</span> 
     </span>
     <span class='ocr_line' id='line_1_10' title="bbox 357 958 1726 1011; baseline -0.001 -8"><span class='ocrx_word' id='word_1_73' title='bbox 357 968 452 1003; x_wconf 84' lang='lat' dir='ltr'>tura</span> <span class='ocrx_word' id='word_1_74' title='bbox 477 960 640 1003; x_wconf 87' lang='lat' dir='ltr'>mundi.</span> <span class='ocrx_word' id='word_1_75' title='bbox 667 960 876 1004; x_wconf 84' lang='lat' dir='ltr'>Viderunt</span> <span class='ocrx_word' id='word_1_76' title='bbox 895 976 1047 1004; x_wconf 85' lang='lat' dir='ltr'>novam</span> <span class='ocrx_word' id='word_1_77' title='bbox 1065 970 1302 1005; x_wconf 82' lang='lat' dir='ltr'>creaturam</span> <span class='ocrx_word' id='word_1_78' title='bbox 1318 994 1328 1011; x_wconf 87' lang='lat'>,</span> <span class='ocrx_word' id='word_1_79' title='bbox 1352 969 1394 1004; x_wconf 88' lang='lat' dir='ltr'>et</span> <span class='ocrx_word' id='word_1_80' title='bbox 1420 976 1506 1004; x_wconf 89' lang='lat' dir='ltr'>non</span> <span class='ocrx_word' id='word_1_81' title='bbox 1522 959 1660 1003; x_wconf 74' lang='lat' dir='ltr'>solum</span> <span class='ocrx_word' id='word_1_82' title='bbox 1682 958 1726 1001; x_wconf 87' lang='lat' dir='ltr'>in</span> 
     </span>
     <span class='ocr_line' id='line_1_11' title="bbox 361 1029 1782 1090; baseline 0.001 -17"><span class='ocrx_word' id='word_1_83' title='bbox 361 1038 498 1080; x_wconf 79' lang='lat' dir='ltr'>terra,</span> <span class='ocrx_word' id='word_1_84' title='bbox 527 1032 602 1073; x_wconf 84' lang='lat' dir='ltr'>sed</span> <span class='ocrx_word' id='word_1_85' title='bbox 629 1030 756 1073; x_wconf 82' lang='lat' dir='ltr'>etiam</span> <span class='ocrx_word' id='word_1_86' title='bbox 777 1031 817 1073; x_wconf 94' lang='lat' dir='ltr'>in</span> <span class='ocrx_word' id='word_1_87' title='bbox 841 1033 950 1074; x_wconf 82' lang='lat' dir='ltr'>coelo</span> <span class='ocrx_word' id='word_1_88' title='bbox 981 1032 1157 1090; x_wconf 81' lang='lat' dir='ltr'>gratiam</span> <span class='ocrx_word' id='word_1_89' title='bbox 1187 1033 1284 1075; x_wconf 83' lang='lat' dir='ltr'>novi</span> <span class='ocrx_word' id='word_1_90' title='bbox 1317 1031 1500 1074; x_wconf 86' lang='lat' dir='ltr'>hominis</span> <span class='ocrx_word' id='word_1_91' title='bbox 1532 1029 1726 1089; x_wconf 83' lang='lat' dir='ltr'>require·</span> <span class='ocrx_word' id='word_1_92' title='bbox 1780 1073 1782 1075; x_wconf 87' lang='lat'>.</span> 
     </span>
     <span class='ocr_line' id='line_1_12' title="bbox 360 1099 1727 1161; baseline -0.001 -18"><span class='ocrx_word' id='word_1_93' title='bbox 360 1102 488 1150; x_wconf 82' lang='lat' dir='ltr'>bant,</span> <span class='ocrx_word' id='word_1_94' title='bbox 523 1103 759 1144; x_wconf 86' lang='lat' dir='ltr'>secundum</span> <span class='ocrx_word' id='word_1_95' title='bbox 789 1102 905 1159; x_wconf 83' lang='lat' dir='ltr'>quod</span> <span class='ocrx_word' id='word_1_96' title='bbox 938 1101 1104 1160; x_wconf 83' lang='lat' dir='ltr'><strong>Moyses</strong></span> <span class='ocrx_word' id='word_1_97' title='bbox 1137 1102 1388 1161; x_wconf 73' lang='lat' dir='ltr'>prophetice</span> <span class='ocrx_word' id='word_1_98' title='bbox 1424 1101 1589 1160; x_wconf 78' lang='lat' dir='ltr'>posuit,</span> <span class='ocrx_word' id='word_1_99' title='bbox 1628 1099 1727 1159; x_wconf 81' lang='lat' dir='ltr'>quia</span> 
     </span>
     <span class='ocr_line' id='line_1_13' title="bbox 371 1171 1729 1231; baseline 0 -17"><span class='ocrx_word' id='word_1_100' title='bbox 371 1188 388 1211; x_wconf 75' lang='grc' dir='ltr'><strong>α</strong></span> <span class='ocrx_word' id='word_1_101' title='bbox 407 1171 581 1214; x_wconf 84' lang='lat' dir='ltr'>Orietur</span> <span class='ocrx_word' id='word_1_102' title='bbox 602 1172 720 1214; x_wconf 79' lang='lat' dir='ltr'>stelin</span> <span class='ocrx_word' id='word_1_103' title='bbox 742 1187 792 1214; x_wconf 87' lang='lat' dir='ltr'>ex</span> <span class='ocrx_word' id='word_1_104' title='bbox 812 1172 947 1214; x_wconf 86' lang='lat' dir='ltr'>Jacob</span> <span class='ocrx_word' id='word_1_105' title='bbox 962 1206 973 1222; x_wconf 94' lang='lat'>,</span> <span class='ocrx_word' id='word_1_106' title='bbox 996 1182 1039 1216; x_wconf 87' lang='lat' dir='ltr'>et</span> <span class='ocrx_word' id='word_1_107' title='bbox 1055 1182 1234 1231; x_wconf 82' lang='lat' dir='ltr'>exurget</span> <span class='ocrx_word' id='word_1_108' title='bbox 1257 1174 1385 1216; x_wconf 87' lang='lat' dir='ltr'><strong>homo</strong></span> <span class='ocrx_word' id='word_1_109' title='bbox 1402 1188 1453 1216; x_wconf 86' lang='lat' dir='ltr'>ex</span> <span class='ocrx_word' id='word_1_110' title='bbox 1472 1172 1614 1216; x_wconf 69' lang='lat' dir='ltr'>lsrael.</span> <span class='ocrx_word' id='word_1_111' title='bbox 1637 1189 1653 1211; x_wconf 75' lang='grc' dir='ltr'>ι</span> <span class='ocrx_word' id='word_1_112' title='bbox 1674 1171 1729 1214; x_wconf 84' lang='lat' dir='ltr'>Et</span> 
     </span>
     <span class='ocr_line' id='line_1_14' title="bbox 361 1242 1729 1300; baseline -0.001 -16"><span class='ocrx_word' id='word_1_113' title='bbox 361 1250 654 1299; x_wconf 82' lang='lat' dir='ltr'>coguoverunt</span> <span class='ocrx_word' id='word_1_114' title='bbox 677 1242 787 1284; x_wconf 79' lang='lat' dir='ltr'>hanc</span> <span class='ocrx_word' id='word_1_115' title='bbox 809 1257 899 1284; x_wconf 88' lang='lat' dir='ltr'>esse</span> <span class='ocrx_word' id='word_1_116' title='bbox 922 1243 1084 1285; x_wconf 84' lang='lat' dir='ltr'>stellam</span> <span class='ocrx_word' id='word_1_117' title='bbox 1099 1275 1109 1291; x_wconf 86' lang='lat'>,</span> <span class='ocrx_word' id='word_1_118' title='bbox 1135 1258 1228 1300; x_wconf 78' lang='lat' dir='ltr'>qum</span> <span class='ocrx_word' id='word_1_119' title='bbox 1255 1243 1474 1286; x_wconf 87' lang='lat' dir='ltr'>hominem</span> <span class='ocrx_word' id='word_1_120' title='bbox 1505 1242 1729 1299; x_wconf 78' lang='lat' dir='ltr'>Deumque</span> 
     </span>
     <span class='ocr_line' id='line_1_15' title="bbox 361 1311 1728 1374; baseline 0.001 -20"><span class='ocrx_word' id='word_1_121' title='bbox 361 1311 586 1370; x_wconf 82' lang='lat' dir='ltr'>siguificat.</span> <span class='ocrx_word' id='word_1_122' title='bbox 608 1313 1147 1374; x_wconf 77' lang='lat' dir='ltr'>Adoraveruntparvulum</span> <span class='ocrx_word' id='word_1_123' title='bbox 1165 1328 1175 1355; x_wconf 91' lang='lat'><strong>:</strong></span> <span class='ocrx_word' id='word_1_124' title='bbox 1196 1313 1343 1371; x_wconf 88' lang='lat' dir='ltr'>utique</span> <span class='ocrx_word' id='word_1_125' title='bbox 1362 1328 1448 1356; x_wconf 91' lang='lat' dir='ltr'>non</span> <span class='ocrx_word' id='word_1_126' title='bbox 1465 1312 1728 1363; x_wconf 78' lang='lat' dir='ltr'><strong>adorassent,</strong></span> 
     </span>
     <span class='ocr_line' id='line_1_16' title="bbox 364 1382 1729 1443; baseline 0.001 -19"><span class='ocrx_word' id='word_1_127' title='bbox 364 1383 396 1425; x_wconf 88' lang='lat' dir='ltr'>si</span> <span class='ocrx_word' id='word_1_128' title='bbox 421 1384 642 1441; x_wconf 83' lang='lat' dir='ltr'>parvulum</span> <span class='ocrx_word' id='word_1_129' title='bbox 667 1385 965 1426; x_wconf 80' lang='lat' dir='ltr'>tantummodo</span> <span class='ocrx_word' id='word_1_130' title='bbox 997 1385 1289 1428; x_wconf 79' lang='lat' dir='ltr'><strong>credidissent.</strong></span> <span class='ocrx_word' id='word_1_131' title='bbox 1315 1384 1460 1443; x_wconf 78' lang='lat' dir='ltr'>Magus</span> <span class='ocrx_word' id='word_1_132' title='bbox 1479 1398 1582 1443; x_wconf 83' lang='lat' dir='ltr'>ergo</span> <span class='ocrx_word' id='word_1_133' title='bbox 1603 1382 1729 1426; x_wconf 84' lang='lat' dir='ltr'>intel·</span> 
     </span>
     <span class='ocr_line' id='line_1_17' title="bbox 362 1453 1730 1514; baseline -0.001 -17"><span class='ocrx_word' id='word_1_134' title='bbox 362 1454 454 1512; x_wconf 80' lang='lat' dir='ltr'>ligit</span> <span class='ocrx_word' id='word_1_135' title='bbox 476 1469 571 1496; x_wconf 84' lang='lat' dir='ltr'>suas</span> <span class='ocrx_word' id='word_1_136' title='bbox 592 1463 908 1504; x_wconf 79' lang='lat' dir='ltr'>cessareartes,</span> <span class='ocrx_word' id='word_1_137' title='bbox 929 1463 975 1498; x_wconf 87' lang='lat' dir='ltr'>tu</span> <span class='ocrx_word' id='word_1_138' title='bbox 993 1470 1077 1498; x_wconf 83' lang='lat' dir='ltr'>non</span> <span class='ocrx_word' id='word_1_139' title='bbox 1096 1456 1293 1514; x_wconf 70' lang='lat' dir='ltr'>intelligis</span> <span class='ocrx_word' id='word_1_140' title='bbox 1313 1463 1382 1498; x_wconf 84' lang='lat' dir='ltr'>tua</span> <span class='ocrx_word' id='word_1_141' title='bbox 1407 1456 1516 1498; x_wconf 78' lang='lat' dir='ltr'>dona</span> <span class='ocrx_word' id='word_1_142' title='bbox 1534 1453 1730 1498; x_wconf 74' lang='lat' dir='ltr'>venisse?</span> 
     </span>
     <span class='ocr_line' id='line_1_18' title="bbox 364 1523 1731 1584; baseline 0.001 -18"><span class='ocrx_word' id='word_1_143' title='bbox 364 1525 440 1567; x_wconf 75' lang='lat'>1110</span> <span class='ocrx_word' id='word_1_144' title='bbox 474 1524 632 1567; x_wconf 78' lang='lat' dir='ltr'>fatetur</span> <span class='ocrx_word' id='word_1_145' title='bbox 667 1524 871 1579; x_wconf 78' lang='lat' dir='ltr'>alienum,</span> <span class='ocrx_word' id='word_1_146' title='bbox 905 1534 951 1567; x_wconf 88' lang='lat' dir='ltr'>tu</span> <span class='ocrx_word' id='word_1_147' title='bbox 985 1541 1071 1568; x_wconf 90' lang='lat' dir='ltr'>non</span> <span class='ocrx_word' id='word_1_148' title='bbox 1103 1527 1294 1584; x_wconf 80' lang='lat' dir='ltr'>agnoscis</span> <span class='ocrx_word' id='word_1_149' title='bbox 1325 1523 1614 1584; x_wconf 78' lang='lat' dir='ltr'>promissum?</span> <span class='ocrx_word' id='word_1_150' title='bbox 1654 1524 1731 1567; x_wconf 83' lang='lat' dir='ltr'>Ille</span> 
     </span>
     <span class='ocr_line' id='line_1_19' title="bbox 367 1594 1672 1655; baseline 0 -17"><span class='ocrx_word' id='word_1_151' title='bbox 367 1603 512 1638; x_wconf 80' lang='lat' dir='ltr'>contra</span> <span class='ocrx_word' id='word_1_152' title='bbox 537 1611 581 1638; x_wconf 87' lang='lat' dir='ltr'>se</span> <span class='ocrx_word' id='word_1_153' title='bbox 597 1596 757 1645; x_wconf 85' lang='lat' dir='ltr'>credit,</span> <span class='ocrx_word' id='word_1_154' title='bbox 787 1604 830 1638; x_wconf 92' lang='lat' dir='ltr'>tu</span> <span class='ocrx_word' id='word_1_155' title='bbox 851 1612 926 1654; x_wconf 83' lang='lat' dir='ltr'>pro</span> <span class='ocrx_word' id='word_1_156' title='bbox 952 1605 991 1639; x_wconf 85' lang='lat' dir='ltr'>te</span> <span class='ocrx_word' id='word_1_157' title='bbox 1014 1612 1097 1638; x_wconf 90' lang='lat' dir='ltr'>non</span> <span class='ocrx_word' id='word_1_158' title='bbox 1120 1607 1244 1655; x_wconf 88' lang='lat' dir='ltr'>putas</span> <span class='ocrx_word' id='word_1_159' title='bbox 1266 1612 1357 1639; x_wconf 87' lang='lat' dir='ltr'>esse</span> <span class='ocrx_word' id='word_1_160' title='bbox 1373 1594 1672 1640; x_wconf 74' lang='lat' dir='ltr'>credendum?</span> 
     </span>
    </p>

    <p class='ocr_par' dir='ltr' id='par_1_4' title="bbox 365 1666 1734 2567">
     <span class='ocr_line' id='line_1_20' title="bbox 425 1666 1733 1727; baseline -0.001 -17"><span class='ocrx_word' id='word_1_161' title='bbox 425 1666 580 1710; x_wconf 80' lang='lat' dir='ltr'><strong>XLIX.</strong></span> <span class='ocrx_word' id='word_1_162' title='bbox 617 1667 771 1710; x_wconf 83' lang='lat' dir='ltr'>Natum</span> <span class='ocrx_word' id='word_1_163' title='bbox 791 1683 892 1726; x_wconf 81' lang='lat' dir='ltr'>ergo</span> <span class='ocrx_word' id='word_1_164' title='bbox 916 1668 1023 1726; x_wconf 80' lang='lat' dir='ltr'>Magi</span> <span class='ocrx_word' id='word_1_165' title='bbox 1044 1669 1238 1711; x_wconf 84' lang='lat' dir='ltr'>nuntiant</span> <span class='ocrx_word' id='word_1_166' title='bbox 1257 1683 1399 1727; x_wconf 78' lang='lat' dir='ltr'>regem</span> <span class='ocrx_word' id='word_1_167' title='bbox 1421 1683 1432 1710; x_wconf 91' lang='lat'><strong>:</strong></span> <span class='ocrx_word' id='word_1_168' title='bbox 1458 1667 1733 1726; x_wconf 74' lang='lat' dir='ltr'>perturbatur</span> 
     </span>
     <span class='ocr_line' id='line_1_21' title="bbox 367 1738 1733 1797; baseline 0.001 -18"><span class='ocrx_word' id='word_1_169' title='bbox 367 1738 580 1785; x_wconf 75' lang='lat' dir='ltr'>Ilm-odes,</span> <span class='ocrx_word' id='word_1_170' title='bbox 606 1746 835 1795; x_wconf 76' lang='lat' dir='ltr'>congregat</span> <span class='ocrx_word' id='word_1_171' title='bbox 861 1738 1021 1780; x_wconf 80' lang='lat' dir='ltr'>scribas</span> <span class='ocrx_word' id='word_1_172' title='bbox 1048 1747 1090 1781; x_wconf 87' lang='lat' dir='ltr'>et</span> <span class='ocrx_word' id='word_1_173' title='bbox 1120 1738 1333 1797; x_wconf 83' lang='lat' dir='ltr'>principes</span> <span class='ocrx_word' id='word_1_174' title='bbox 1364 1740 1658 1787; x_wconf 66' lang='lat' dir='ltr'>sacerdotum,</span> <span class='ocrx_word' id='word_1_175' title='bbox 1688 1746 1733 1789; x_wconf 81' lang='lat' dir='ltr'>et</span> 
     </span>
     <span class='ocr_line' id='line_1_22' title="bbox 367 1807 1731 1868; baseline 0.001 -19"><span class='ocrx_word' id='word_1_176' title='bbox 367 1807 598 1864; x_wconf 80' lang='lat' dir='ltr'>interrogat</span> <span class='ocrx_word' id='word_1_177' title='bbox 620 1807 691 1849; x_wconf 88' lang='lat' dir='ltr'>ubi</span> <span class='ocrx_word' id='word_1_178' title='bbox 713 1807 906 1850; x_wconf 74' lang='lat' dir='ltr'>Christus</span> <span class='ocrx_word' id='word_1_179' title='bbox 929 1808 1102 1851; x_wconf 77' lang='lat' dir='ltr'>oriatur.</span> <span class='ocrx_word' id='word_1_180' title='bbox 1131 1808 1237 1866; x_wconf 76' lang='lat' dir='ltr'>Magi</span> <span class='ocrx_word' id='word_1_181' title='bbox 1268 1808 1565 1852; x_wconf 76' lang='lat' dir='ltr'>tantummodo</span> <span class='ocrx_word' id='word_1_182' title='bbox 1586 1823 1731 1868; x_wconf 73' lang='lat' dir='ltr'>regem</span> 
     </span>
     <span class='ocr_line' id='line_1_23' title="bbox 366 1876 1732 1939; baseline 0.002 -20"><span class='ocrx_word' id='word_1_183' title='bbox 366 1876 563 1920; x_wconf 84' lang='lat' dir='ltr'>nuntiant</span> <span class='ocrx_word' id='word_1_184' title='bbox 585 1891 595 1918; x_wconf 73' lang='grc' dir='ltr'>ε</span> <span class='ocrx_word' id='word_1_185' title='bbox 622 1877 808 1920; x_wconf 81' lang='lat' dir='ltr'>Herodes</span> <span class='ocrx_word' id='word_1_186' title='bbox 827 1878 1042 1934; x_wconf 80' lang='lat' dir='ltr'>Christum</span> <span class='ocrx_word' id='word_1_187' title='bbox 1062 1878 1251 1935; x_wconf 80' lang='lat' dir='ltr'>requirit.</span> <span class='ocrx_word' id='word_1_188' title='bbox 1275 1879 1418 1938; x_wconf 83' lang='lat' dir='ltr'>Ipsum</span> <span class='ocrx_word' id='word_1_189' title='bbox 1438 1878 1732 1939; x_wconf 70' lang='lat' dir='ltr'>igitur-‚regem</span> 
     </span>
     <span class='ocr_line' id='line_1_24' title="bbox 367 1946 1733 2005; baseline 0.002 -17"><span class='ocrx_word' id='word_1_190' title='bbox 367 1947 427 1988; x_wconf 79' lang='lat' dir='ltr'>de.</span> <span class='ocrx_word' id='word_1_191' title='bbox 447 1960 532 2003; x_wconf 81' lang='lat' dir='ltr'>quo</span> <span class='ocrx_word' id='word_1_192' title='bbox 563 1946 792 2005; x_wconf 79' lang='lat' dir='ltr'>interrogat</span> <span class='ocrx_word' id='word_1_193' title='bbox 809 1981 818 1994; x_wconf 88' lang='lat'>.</span> <span class='ocrx_word' id='word_1_194' title='bbox 841 1947 1083 1991; x_wconf 73' lang='lat' dir='ltr'>confitetur.</span> <span class='ocrx_word' id='word_1_195' title='bbox 1110 1949 1275 1991; x_wconf 83' lang='lat' dir='ltr'>Deinde</span> <span class='ocrx_word' id='word_1_196' title='bbox 1295 1963 1393 1991; x_wconf 88' lang='lat' dir='ltr'>cum</span> <span class='ocrx_word' id='word_1_197' title='bbox 1418 1949 1491 1991; x_wconf 81' lang='grc'><strong>11111</strong></span> <span class='ocrx_word' id='word_1_198' title='bbox 1514 1948 1630 1992; x_wconf 79' lang='lat' dir='ltr'>nasci</span> <span class='ocrx_word' id='word_1_199' title='bbox 1655 1949 1733 1991; x_wconf 81' lang='lat' dir='ltr'>ha-</span> 
     </span>
     <span class='ocr_line' id='line_1_25' title="bbox 367 2017 1733 2077; baseline 0.004 -19"><span class='ocrx_word' id='word_1_200' title='bbox 367 2017 490 2059; x_wconf 86' lang='lat' dir='ltr'>beret</span> <span class='ocrx_word' id='word_1_201' title='bbox 521 2017 766 2073; x_wconf 73' lang='lat' dir='ltr'>inquiritur,</span> <span class='ocrx_word' id='word_1_202' title='bbox 800 2018 948 2075; x_wconf 83' lang='lat' dir='ltr'>utiquo</span> <span class='ocrx_word' id='word_1_203' title='bbox 979 2019 1286 2076; x_wconf 63' lang='lat' dir='ltr'>praenuntiatus</span> <span class='ocrx_word' id='word_1_204' title='bbox 1309 2019 1570 2069; x_wconf 62' lang='lat' dir='ltr'>ostenduam</span> <span class='ocrx_word' id='word_1_205' title='bbox 1590 2035 1733 2077; x_wconf 18' lang='lat' dir='ltr'>*neque</span> 
     </span>
     <span class='ocr_line' id='line_1_26' title="bbox 369 2087 1733 2145; baseline 0.004 -16"><span class='ocrx_word' id='word_1_206' title='bbox 369 2087 482 2130; x_wconf 88' lang='lat' dir='ltr'>enim</span> <span class='ocrx_word' id='word_1_207' title='bbox 510 2087 640 2145; x_wconf 82' lang='lat' dir='ltr'>quaeri</span> <span class='ocrx_word' id='word_1_208' title='bbox 671 2095 861 2145; x_wconf 80' lang='lat' dir='ltr'>poterat,</span> <span class='ocrx_word' id='word_1_209' title='bbox 890 2088 962 2144; x_wconf 87' lang='lat' dir='ltr'>qui</span> <span class='ocrx_word' id='word_1_210' title='bbox 991 2104 1076 2131; x_wconf 89' lang='lat' dir='ltr'>non</span> <span class='ocrx_word' id='word_1_211' title='bbox 1104 2098 1194 2133; x_wconf 80' lang='lat' dir='ltr'>erat</span> <span class='ocrx_word' id='word_1_212' title='bbox 1217 2090 1450 2133; x_wconf 76' lang='lat' dir='ltr'>nuntiatus.-</span> <span class='ocrx_word' id='word_1_213' title='bbox 1480 2089 1518 2134; x_wconf 93' lang='grc' dir='ltr'><strong>Ο</strong></span> <span class='ocrx_word' id='word_1_214' title='bbox 1544 2099 1733 2134; x_wconf 79' lang='lat' dir='ltr'>amentes</span> 
     </span>
     <span class='ocr_line' id='line_1_27' title="bbox 365 2155 1730 2216; baseline 0.005 -18"><span class='ocrx_word' id='word_1_215' title='bbox 365 2155 523 2204; x_wconf 76' lang='lat' dir='ltr'>Judaei.</span> <span class='ocrx_word' id='word_1_216' title='bbox 547 2156 712 2199; x_wconf 83' lang='lat' dir='ltr'>venisse</span> <span class='ocrx_word' id='word_1_217' title='bbox 743 2172 828 2199; x_wconf 88' lang='lat' dir='ltr'>nou</span> <span class='ocrx_word' id='word_1_218' title='bbox 857 2158 1056 2207; x_wconf 87' lang='lat' dir='ltr'>creditis,</span> <span class='ocrx_word' id='word_1_219' title='bbox 1088 2174 1216 2216; x_wconf 85' lang='lat' dir='ltr'>quem</span> <span class='ocrx_word' id='word_1_220' title='bbox 1248 2160 1429 2204; x_wconf 83' lang='lat' dir='ltr'>videtis:</span> <span class='ocrx_word' id='word_1_221' title='bbox 1454 2161 1619 2205; x_wconf 85' lang='lat' dir='ltr'>venisse</span> <span class='ocrx_word' id='word_1_222' title='bbox 1645 2176 1730 2206; x_wconf 88' lang='lat' dir='ltr'>non</span> 
     </span>
     <span class='ocr_line' id='line_1_28' title="bbox 368 2226 1730 2290; baseline 0.007 -23"><span class='ocrx_word' id='word_1_223' title='bbox 368 2226 562 2274; x_wconf 79' lang='lat' dir='ltr'>creditis,</span> <span class='ocrx_word' id='word_1_224' title='bbox 592 2242 719 2284; x_wconf 90' lang='lat' dir='ltr'>quem</span> <span class='ocrx_word' id='word_1_225' title='bbox 748 2227 886 2270; x_wconf 79' lang='lat' dir='ltr'>(licitis</span> <span class='ocrx_word' id='word_1_226' title='bbox 915 2243 1006 2270; x_wconf 82' lang='lat' dir='ltr'>esse</span> <span class='ocrx_word' id='word_1_227' title='bbox 1027 2231 1284 2272; x_wconf 76' lang='lat' dir='ltr'>venturum!</span> <span class='ocrx_word' id='word_1_228' title='bbox 1309 2230 1534 2281; x_wconf 79' lang='lat' dir='ltr'>Nuntiate,</span> <span class='ocrx_word' id='word_1_229' title='bbox 1565 2230 1730 2290; x_wconf 85' lang='lat' dir='ltr'>inquit,</span> 
     </span>
     <span class='ocr_line' id='line_1_29' title="bbox 369 2296 1732 2362; baseline 0.006 -23"><span class='ocrx_word' id='word_1_230' title='bbox 369 2296 497 2346; x_wconf 86' lang='lat' dir='ltr'>mihi,</span> <span class='ocrx_word' id='word_1_231' title='bbox 523 2305 570 2338; x_wconf 83' lang='lat' dir='ltr'>ut</span> <span class='ocrx_word' id='word_1_232' title='bbox 592 2297 756 2340; x_wconf 86' lang='lat' dir='ltr'>veniam</span> <span class='ocrx_word' id='word_1_233' title='bbox 774 2332 783 2347; x_wconf 88' lang='lat'><strong><em>.</em></strong></span> <span class='ocrx_word' id='word_1_234' title='bbox 801 2307 842 2341; x_wconf 86' lang='lat' dir='ltr'>et</span> <span class='ocrx_word' id='word_1_235' title='bbox 865 2300 1038 2342; x_wconf 78' lang='lat' dir='ltr'>adorem</span> <span class='ocrx_word' id='word_1_236' title='bbox 1061 2300 1282 2358; x_wconf 73' lang='lat' dir='ltr'>puerum&#39;.</span> <span class='ocrx_word' id='word_1_237' title='bbox 1309 2301 1538 2345; x_wconf 78' lang='lat' dir='ltr'>Insidiatur</span> <span class='ocrx_word' id='word_1_238' title='bbox 1557 2303 1732 2362; x_wconf 81' lang='lat' dir='ltr'>quidem</span> 
     </span>
     <span class='ocr_line' id='line_1_30' title="bbox 367 2366 1734 2428; baseline 0.006 -19"><span class='ocrx_word' id='word_1_239' title='bbox 367 2366 583 2416; x_wconf 83' lang='lat' dir='ltr'>Herodes,</span> <span class='ocrx_word' id='word_1_240' title='bbox 612 2368 685 2410; x_wconf 86' lang='lat' dir='ltr'>sed</span> <span class='ocrx_word' id='word_1_241' title='bbox 707 2367 844 2411; x_wconf 86' lang='lat' dir='ltr'>Deum</span> <span class='ocrx_word' id='word_1_242' title='bbox 871 2384 957 2411; x_wconf 89' lang='lat' dir='ltr'>non</span> <span class='ocrx_word' id='word_1_243' title='bbox 982 2378 1130 2428; x_wconf 79' lang='lat' dir='ltr'>negat,</span> <span class='ocrx_word' id='word_1_244' title='bbox 1156 2385 1283 2428; x_wconf 87' lang='lat' dir='ltr'>quem</span> <span class='ocrx_word' id='word_1_245' title='bbox 1312 2381 1520 2415; x_wconf 80' lang='lat' dir='ltr'>memorat</span> <span class='ocrx_word' id='word_1_246' title='bbox 1549 2374 1734 2417; x_wconf 76' lang='lat' dir='ltr'>adoran-</span> 
     </span>
     <span class='ocr_line' id='line_1_31' title="bbox 368 2435 1732 2497; baseline 0.008 -21"><span class='ocrx_word' id='word_1_247' title='bbox 368 2435 482 2478; x_wconf 85' lang='lat' dir='ltr'>dum.</span> <span class='ocrx_word' id='word_1_248' title='bbox 509 2435 673 2479; x_wconf 81' lang='lat' dir='ltr'>Deinde</span> <span class='ocrx_word' id='word_1_249' title='bbox 696 2437 876 2481; x_wconf 76' lang='lat' dir='ltr'>infantes</span> <span class='ocrx_word' id='word_1_250' title='bbox 897 2439 1035 2482; x_wconf 87' lang='lat' dir='ltr'>occidi</span> <span class='ocrx_word' id='word_1_251' title='bbox 1057 2439 1219 2497; x_wconf 84' lang='lat' dir='ltr'>juhet².</span> <span class='ocrx_word' id='word_1_252' title='bbox 1243 2441 1321 2484; x_wconf 87' lang='lat' dir='ltr'>Cui</span> <span class='ocrx_word' id='word_1_253' title='bbox 1344 2442 1411 2485; x_wconf 82' lang='lat' dir='ltr'>alii</span> <span class='ocrx_word' id='word_1_254' title='bbox 1429 2441 1507 2485; x_wconf 81' lang='lat' dir='ltr'>nisi</span> <span class='ocrx_word' id='word_1_255' title='bbox 1530 2443 1620 2487; x_wconf 87' lang='lat' dir='ltr'>Deo</span> <span class='ocrx_word' id='word_1_256' title='bbox 1638 2443 1732 2487; x_wconf 76' lang='lat' dir='ltr'>talis</span> 
     </span>
     <span class='ocr_line' id='line_1_32' title="bbox 366 2504 1734 2567; baseline 0.009 -21"><span class='ocrx_word' id='word_1_257' title='bbox 366 2504 536 2547; x_wconf 81' lang='lat' dir='ltr'>victima</span> <span class='ocrx_word' id='word_1_258' title='bbox 568 2506 834 2550; x_wconf 74' lang='lat' dir='ltr'>debebatur?</span> <span class='ocrx_word' id='word_1_259' title='bbox 862 2509 1021 2567; x_wconf 85' lang='lat' dir='ltr'>Expers</span> <span class='ocrx_word' id='word_1_260' title='bbox 1051 2510 1153 2553; x_wconf 86' lang='lat' dir='ltr'>licet</span> <span class='ocrx_word' id='word_1_261' title='bbox 1183 2526 1329 2555; x_wconf 85' lang='lat' dir='ltr'>sensus</span> <span class='ocrx_word' id='word_1_262' title='bbox 1361 2512 1560 2563; x_wconf 76' lang='lat' dir='ltr'>infantia,</span> <span class='ocrx_word' id='word_1_263' title='bbox 1593 2512 1734 2557; x_wconf 86' lang='lat' dir='ltr'>Deum</span> 
     </span>
    </p>
   </div>
   <div class='ocr_carea' id='block_1_3' title="bbox 367 2576 1732 2709">
    <p class='ocr_par' dir='ltr' id='par_1_5' title="bbox 367 2576 1732 2709">
     <span class='ocr_line' id='line_1_33' title="bbox 367 2576 1732 2634; baseline 0.007 -16"><span class='ocrx_word' id='word_1_264' title='bbox 367 2582 510 2619; x_wconf 80' lang='lat' dir='ltr'>tamen</span> <span class='ocrx_word' id='word_1_265' title='bbox 537 2589 614 2633; x_wconf 85' lang='lat' dir='ltr'>pro</span> <span class='ocrx_word' id='word_1_266' title='bbox 635 2591 722 2634; x_wconf 90' lang='lat' dir='ltr'>quo</span> <span class='ocrx_word' id='word_1_267' title='bbox 747 2576 1022 2631; x_wconf 73' lang='lat' dir='ltr'>interimitur,</span> <span class='ocrx_word' id='word_1_268' title='bbox 1052 2580 1296 2627; x_wconf 82' lang='lat' dir='ltr'>confitetur.</span> <span class='ocrx_word' id='word_1_269' title='bbox 1330 2582 1430 2628; x_wconf 81' lang='lat' dir='ltr'>llaec</span> <span class='ocrx_word' id='word_1_270' title='bbox 1453 2585 1507 2629; x_wconf 79' lang='lat' dir='ltr'>de</span> <span class='ocrx_word' id='word_1_271' title='bbox 1532 2583 1732 2631; x_wconf 75' lang='lat' dir='ltr'>Matthaeo</span> 
     </span>
     <span class='ocr_line' id='line_1_34' title="bbox 412 2668 925 2709; baseline 0.004 -7"><span class='ocrx_word' id='word_1_272' title='bbox 412 2670 422 2692; x_wconf 90' lang='lat'><strong>¹</strong></span> <span class='ocrx_word' id='word_1_273' title='bbox 441 2668 563 2704; x_wconf 64' lang='lat' dir='ltr'>tuith.</span> <span class='ocrx_word' id='word_1_274' title='bbox 581 2679 621 2709; x_wconf 85' lang='grc'>11,</span> <span class='ocrx_word' id='word_1_275' title='bbox 635 2668 721 2704; x_wconf 84' lang='grc'>8.-</span> <span class='ocrx_word' id='word_1_276' title='bbox 739 2678 751 2694; x_wconf 86' lang='grc'><em>·</em></span> <span class='ocrx_word' id='word_1_277' title='bbox 769 2669 860 2704; x_wconf 81' lang='lat' dir='ltr'>lbid.</span> <span class='ocrx_word' id='word_1_278' title='bbox 877 2671 925 2704; x_wconf 90' lang='grc'>16.</span> 
     </span>
    </p>
   </div>
  </div>
 </body>
</html>
