1800 3268
360 314 416 354 82
905 325 937 356 ε.
979 324 1173 353 aunuum

354 364 460 445 mihi
482 401 683 462 pauperi,
713 401 829 466 dedit
862 402 966 445 mihi
998 402 1114 461 inopi
1151 403 1328 461 gratiam
1360 418 1488 462 quam
1518 412 1617 448 ante
1636 418 1722 449 non

357 454 500 517 habui.
530 491 546 512 α
562 472 732 516 Justiiia
769 488 871 532 ergo
899 473 992 530 ejus
1023 482 1167 517 manet
1188 475 1228 517 in
1251 483 1473 520 aeteruum.
1496 494 1514 516 ι
1534 476 1641 530 Quae
1661 483 1727 521 est

354 541 539 600 justitia,
562 540 642 585 nisi
666 550 711 586 ut
733 545 848 601 quod
871 545 1051 586 alterum
1078 545 1218 588 facere
1251 545 1376 596 velis,
1399 546 1516 605 prior
1535 546 1627 604 ipse
1658 546 1726 594 iu—

356 605 510 670 cipum.
533 620 578 654 et
598 592 705 655 tulos
719 606 821 656 alios
852 613 1035 658 horteris
1056 615 1284 674 exemplo?
1305 617 1412 671 Quae
1440 625 1506 661 est
1534 616 1724 675 justitia,

325 675 327 677 ’
355 681 435 726 nisi
462 691 510 726 ut
535 685 605 742 qui
635 699 809 731 carnem
839 686 1052 744 suscepit,
1077 702 1159 728 non
1182 687 1301 746 quasi
1323 688 1436 731 Deus
1457 703 1631 737 sensum
1655 696 1729 737 aut

355 754 643 798 ministerium
671 756 809 799 carnis
841 759 1091 800 excluderet
1113 772 1123 799 ε
1147 760 1220 800 sed
1243 760 1359 816 quasi
1392 759 1525 803 homo
1551 772 1726 805 carnem

359 827 571 876 vincerem
605 837 651 870 ut
682 829 852 871 vincere
885 845 952 872 me
986 830 1194 889 doceret?
1224 830 1381 874 Docuit
1412 831 1526 877 enim
1555 845 1624 874 me
1641 835 1728 890 qul

358 897 526 941 ratione
550 899 705 956 possim
730 900 908 942 terrenis
926 910 1172 944 concretam
1197 901 1306 944 vitiis
1318 901 1516 944 obnoxiae
1530 901 1732 950 carni-52·

359 968 517 1011 luviem
543 967 720 1027 sepelire
737 971 992 1014 criminibus
1006 1004 1016 1019 .
1042 987 1246 1016 renovare
1263 972 1507 1028 virtutibus.

419 1038 531 1083 XCI.
571 1039 609 1082 Ο
632 1055 730 1082 vere
754 1041 974 1084 divinam'
964 1058 1005 1085 m
1037 1042 1123 1101 ipsa
1152 1043 1394 1100 humilitate
1426 1043 1597 1087 Domini
1626 1057 1727 1102 pro-

366 1109 659 1168 spicientiam.
650 1111 659 1141 l
678 1111 865 1165 Quanto
871 1114 983 1155 enim
1007 1114 1215 1171 abjectior
1234 1115 1467 1169 humilitas,
1486 1123 1604 1158 tauto
1619 1114 1729 1157 divi-

360 1179 456 1223 nior
473 1174 752 1238 providentia.
775 1182 1031 1238 lnjuriarum
1055 1200 1226 1227 suarum
1253 1186 1485 1228 acerbitate
1505 1184 1620 1251 Deus
1636 1199 1730 1245 pro·

364 1249 511 1292 ditur:
537 1259 581 1292 et
610 1252 896 1294 remediorum
933 1269 1108 1296 suorum
1145 1270 1248 1303 usu,
1283 1255 1354 1312 qni
1379 1255 1506 1297 nullis
1532 1238 1731 1299 remediis

363 1318 597 1376 indigeret,
630 1320 744 1363 Deus
777 1322 997 1380 probatur.
1033 1324 1148 1375 Quid
1187 1324 1301 1367 enim
1334 1333 1419 1367 tam
1452 1324 1643 1374 divinum
1679 1325 1731 1368 ad

363 1390 543 1448 populos
565 1388 886 1448 provocandos,
912 1408 1038 1449 quam
1071 1402 1118 1436 ut
1153 1409 1279 1437 nemo
1313 1394 1494 1454 refugiat
1514 1395 1731 1452 lavacrum

363 1460 533 1518 gratim,
558 1461 728 1517 quando
757 1462 950 1505 Christus
985 1464 1202 1506 lavacrum
1230 1464 1489 1522 poenitentiae
1510 1479 1593 1509 uon
1614 1464 1732 1514 resu-
1769 1456 1778 1463 ³

363 1528 457 1587 git?
474 1530 608 1573 Nemo
625 1545 669 1572 se
691 1531 805 1574 dicat
821 1541 1011 1574 exortem
1031 1549 1122 1576 esse
1144 1535 1326 1592 peccati,
1349 1536 1520 1592 quaudo
1537 1534 1732 1581 Christus

362 1599 479 1640 venit
516 1601 568 1641 ad
602 1602 837 1643 remedium
876 1611 1167 1660 peccatorum.
1204 1604 1248 1646 Si
1277 1620 1354 1662 pro
1380 1605 1504 1649 nobis
1536 1605 1732 1665 Christus

362 1667 486 1718 lavit,
524 1668 610 1712 imo
642 1685 716 1713 nos
747 1671 789 1713 iu
821 1687 1002 1730 corpore
1039 1689 1115 1715 suo
1139 1675 1240 1718 lavit
1261 1684 1463 1732 {quanto
1493 1669 1628 1734 mingis
1652 1690 1729 1719 nos

365 1748 508 1782 nostra
532 1739 684 1782 delicta
707 1742 846 1784 lavare
875 1744 1111 1785 debemus?
1138 1744 1236 1797 Quo
1265 1746 1394 1804 igitur
1414 1746 1547 1805 magis
1569 1761 1698 1805 opere
1716 1779 1727 1794 ,

366 1823 450 1866 quo
486 1810 616 1868 magis
639 1812 842 1869 mysterio
869 1813 983 1856 Deus
1006 1812 1275 1873 (quanquam
1302 1817 1414 1859 Dens
1431 1817 1474 1860 iu
1497 1817 1724 1877 omuibus)

365 1893 492 1935 quam
525 1879 606 1939 hoc
644 1880 873 1939 probatur;
909 1886 1081 1940 quando
1110 1901 1185 1943 per
1217 1894 1356 1930 totum
1389 1876 1733 1946 mundumgqua
1786 1883 1793 1890 ⁴

365 1950 531 2007 generis
562 1948 738 1994 humani
768 1954 958 1996 conditio
986 1954 1257 2007 diffunditur,
1293 1972 1368 2015 prr
1397 1966 1639 2016 separatum
1672 1957 1734 2011 di·

364 2019 499 2062 vortia
531 2029 774 2080 tractusque
802 2024 1051 2081 regionum,
1086 2042 1172 2068 uno
1205 2036 1423 2072 momento
1457 2029 1497 2071 in
1532 2043 1617 2072 uno
1639 2043 1735 2072 cor·

364 2103 468 2148 pore
490 2089 603 2133 Deus
625 2092 814 2134 lraudem
840 2095 990 2136 vetusti
1010 2096 1166 2138 erroris
1189 2095 1389 2146 abolevit,
1414 2099 1590 2159 gratiam
1614 2099 1734 2157 regni

366 2154 548 2202 coelestis
571 2158 887 2206 effudi191un11s
911 2165 1025 2207 enim
1050 2167 1220 2215 mersit,
1246 2169 1319 2210 sed
1343 2169 1522 2212 elevavit
1547 2183 1730 2217 omnes.

366 2243 476 2271 unus
497 2230 746 2282 descendit,
780 2242 823 2275 ut
851 2238 1180 2279 ascenderemus
1202 2254 1383 2281 omnes:
1410 2255 1520 2282 unus
1538 2240 1733 2285 omnium

364 2308 539 2357 peccata
562 2302 773 2361 suscepit.
799 2304 904 2347 utin
933 2306 1003 2348 illo
1026 2308 1220 2350 omnium
1247 2318 1422 2366 peccata
1444 2317 1727 2354 morerentur.

359 2367 588 2414 Purificate
609 2372 735 2431 igitur
757 2374 851 2417 vos¹
862 2384 940 2426 ,ut
963 2377 1192 2435 Apostolus
1217 2379 1346 2430 dicit3
1371 2380 1468 2438 quia
1492 2371 1736 2446 purificavit

361 2455 407 2483 se
436 2440 506 2484 ille
533 2456 611 2500 pro
642 2444 791 2495 nobis,
826 2446 898 2503 qui
933 2447 1234 2506 purificatione
1265 2464 1351 2492 non
1389 2450 1518 2509 eguit.
1550 2442 1652 2494 flaec'
1680 2443 1734 2492 de

359 2508 501 2554 nobis.

413 2578 550 2625 XCII.
587 2582 622 2626 N
628 2598 713 2628 unc
731 2586 1054 2632 consideremus
1075 2590 1330 2647 mysterium
1343 2590 1575 2637 Trinitatis.
1591 2590 1732 2635 Unum

405 2680 415 2698 ¹
432 2669 555 2708 Jacob.
573 2683 621 2717 iv,
641 2673 675 2710 8.
