1800 3268
357 306 414 352 68
911 319 949 349 s.
985 318 1179 349 annom

424 418 442 441 ι
460 399 640 447 Factum
659 406 724 443 est
743 398 922 444 verbum
942 399 1115 445 Domini
1132 412 1261 459 super
1279 398 1487 443 Joannem
1502 387 1722 443 Zacharia}

355 471 522 516 »filium
546 471 588 514 in
613 471 781 515 deserto
797 470 829 516 ¹.
855 490 873 513 a

412 540 582 586 LXVII.
612 540 957 600 Congregetur-us
979 540 1216 585 Ecclesiam
1237 540 1313 585 Dei
1334 539 1484 591 Filius,
1510 547 1609 584 ante
1622 553 1721 599 ope-

352 621 472 655 ratur
488 611 531 654 in
551 613 733 656 servulo.
747 611 800 655 Et
819 612 916 656 ideo
933 613 1042 655 bene
1059 611 1198 671 posuit
1218 620 1391 655 sanctus
1404 611 1542 656 Lucas
1557 610 1719 655 factum

352 697 445 725 esse
477 681 654 726 verbum
685 682 859 725 Domini
880 698 1010 741 super
1032 683 1239 726 Joannem
1270 682 1488 728 Zachariae
1508 681 1646 727 fitium
1677 681 1720 725 in

351 755 520 797 deserto
532 770 545 804 ;
567 762 614 797 ut
633 753 822 797 Ecclesia
844 768 931 797 non
955 755 1007 797 ab
1025 754 1199 797 homine
1220 754 1414 812 coeperit‚
1431 754 1506 798 sed
1523 752 1714 799 aven-ho.

347 823 443 883 Ipsa
465 824 580 869 enim
601 832 665 868 est
686 825 902 868 desertum
917 858 930 876 ,
954 825 1051 883 quia
1068 843 1083 865 ι
1099 826 1247 869 Plures
1268 824 1342 868 filii
1364 826 1565 874 desertae,
1587 824 1719 883 magio

347 912 504 954 »quam
542 895 635 954 ejus
669 910 763 954 quae
796 895 927 940 habet
947 896 1128 940 virum2.
1165 915 1181 938 »
1195 896 1388 955 Denique
1419 897 1497 956 ipsi
1528 896 1685 940 (licitur
1704 911 1716 939 ε

360 985 376 1007 ι
396 967 560 1011 Loetare
578 967 730 1011 sterilis
744 966 756 989 ³
769 1001 779 1017 ,
803 986 819 1007 ι»
846 975 915 1018 et,
929 985 947 1007 ι
967 967 1120 1011 Exulta
1139 969 1356 1011 desertum
1373 966 1386 989 ⁴
1404 984 1416 1018 3
1440 986 1457 1009 ι
1470 967 1569 1026 quia
1590 967 1719 1011 nullis
1789 958 1793 1002 Ῐ

347 1037 490 1082 adhuc
520 1053 722 1082 convena>
745 1038 883 1097 plebis
906 1039 1106 1097 operibus
1136 1038 1374 1089 colebatur,
1407 1053 1546 1097 neque
1580 1038 1718 1082 ullum

347 1108 490 1152 adhuc
527 1108 699 1152 arbores
734 1109 815 1152 illae
834 1142 846 1160 ,
883 1125 977 1167 quoe
1012 1110 1201 1154 fructum
1232 1108 1343 1153 serre
1372 1124 1459 1152 non
1487 1115 1684 1168 poterant
1702 1139 1716 1160 ,

346 1179 599 1223 meritorum
622 1195 801 1223 suorum
824 1180 1029 1224 verticem
1052 1179 1348 1240 praeserebant.
1370 1179 1570 1225 Nondum
1597 1194 1719 1223 venee

348 1259 414 1294 rat
445 1251 517 1309 qui
549 1251 711 1295 diceret
746 1267 756 1294 t
783 1269 800 1291 α
825 1251 914 1310 Ego
956 1261 1099 1295 autem
1135 1251 1244 1295 sicut
1285 1250 1392 1295 oliva
1423 1249 1641 1294 fructifera
1674 1249 1719 1293 in

348 1342 365 1363 n
380 1324 509 1367 domo
531 1322 703 1366 Domini
721 1322 751 1366 ⁵.
778 1323 1009 1367 »Nondum
1034 1323 1129 1367 vitis
1152 1324 1220 1367 illa
1243 1322 1428 1366 coelestis
1449 1311 1616 1366 fluctus
1631 1320 1719 1380 pal-

343 1394 519 1437 mitibus
541 1394 648 1444 suis,
671 1394 905 1438 verborum
927 1396 1115 1453 quodam
1141 1410 1318 1438 suornm
1342 1395 1545 1444 traduce,
1568 1392 1718 1437 minis-

346 1467 499 1510 trabat.
522 1466 701 1510 Factum
725 1473 791 1507 est
813 1465 991 1508 verbum
1005 1498 1017 1515 ‚
1037 1481 1117 1508 vox
1132 1473 1278 1508 secuta
1298 1473 1384 1515 est;
1407 1464 1584 1508 verbum
1603 1463 1718 1508 cuim

346 1537 463 1596 prius
497 1535 610 1578 intus
636 1544 863 1594 operatur,
900 1536 1093 1594 sequitur
1128 1537 1242 1579 vocis
1271 1534 1477 1579 officium.
1518 1535 1640 1587 Unde
1674 1543 1718 1578 et

345 1608 483 1654 David
505 1607 609 1651 dicit
628 1622 638 1649 τ
655 1625 670 1646 α
693 1606 865 1650 Credidi
883 1615 1058 1666 propter
1074 1609 1190 1666 quod
1210 1608 1381 1652 locutus
1401 1622 1498 1651 sum
1515 1605 1547 1652 ⁸.
1566 1605 1716 1651 »Prius
1784 1663 1788 1670 r

349 1677 549 1728 credidit,
569 1686 616 1721 ut
634 1676 750 1735 loqui
771 1685 926 1735 posset.

404 1750 595 1796 LXVIII.
615 1749 796 1792 Factum
812 1757 876 1792 est
895 1756 1036 1792 autem
1055 1750 1252 1799 verbum,
1270 1758 1319 1793 ut
1339 1758 1511 1793 sanctus
1526 1750 1715 1810 Baptista

346 1822 534 1866 «Ioannes
554 1818 846 1878 poenitentiam
870 1819 1133 1877 praedicaret.
1161 1820 1213 1863 Et
1235 1820 1332 1864 ideo
1354 1821 1547 1880 plerique
1567 1830 1716 1866 sancto

346 1892 499 1937 ,Ioanni
526 1903 676 1951 typum
697 1890 821 1949 Legis
843 1891 1104 1949 imponunt;
1140 1906 1192 1936 co
1228 1893 1345 1950 quod
1373 1892 1460 1936 Lex
1487 1902 1715 1952 peccatum

350 1961 602 2007 denuntiare
632 1961 796 2020 potuit,
832 1962 991 2004 donare
1018 1977 1107 2006 non
1135 1963 1286 2021 potuit.
1316 1962 1403 2007 Lex
1422 1963 1537 2007 enim
1558 1978 1715 2009 unum·
1791 1946 1800 1968 '⁷

348 2047 562 2092 quemque
582 2031 655 2089 qui
674 2032 781 2074 viam
799 2031 989 2089 gentium
1002 2033 1277 2090 sequebatur,
1296 2042 1469 2077 revocat
1485 2034 1713 2085 aberrem,

345 2102 561 2161 restringit
592 2117 613 2144 a
655 2100 834 2144 crimine
868 2116 878 2143 :
918 2102 1211 2160 poenitentiam
1248 2105 1428 2154 suadem
1465 2113 1512 2148 ut
1534 2105 1715 2164 gratiam

346 2181 644 2231 consequatur.
679 2190 695 2212 ι
728 2171 814 2215 Lex
853 2180 996 2216 autem
1023 2182 1065 2216 et
1093 2174 1316 2232 Prophetae
1339 2191 1473 2234 usque
1496 2176 1548 2219 ad
1578 2176 1715 2221 Joan·

343 2243 496 2288 »nem⁷
522 2259 532 2287 ε
558 2242 774 2286 »Joannes
810 2258 908 2286 vero
945 2245 1211 2302 praenuntius
1253 2245 1423 2290 Christi.
1464 2247 1527 2290 Ita
1562 2246 1651 2291 Lex
1669 2254 1715 2291 et

342 2314 543 2359 Ecclesiae
569 2313 833 2373 praenuntia,
858 2323 902 2357 et
922 2315 1066 2373 gratiae
1090 2315 1339 2375 poenitentia
1367 2326 1431 2361 est
1457 2317 1571 2376 (13).
1594 2318 1714 2362 Bene

343 2385 486 2445 itaque
517 2392 689 2428 sanctus
707 2383 844 2427 Lucas
884 2387 1142 2444 compendio
1179 2404 1279 2430 usus
1311 2397 1402 2441 est,
1430 2399 1478 2432 ut
1499 2388 1713 2434 «Ioannem

343 2456 579 2500 declararet
595 2454 849 2514 prophetam
864 2487 876 2505 ,
901 2456 1047 2500 dicens
1067 2458 1227 2501 sactum
1250 2475 1340 2502 esse
1358 2475 1486 2519 super
1502 2475 1602 2504 eum
1622 2473 1713 2503 ver-

341 2527 446 2571 bum
466 2525 637 2571 Domini
663 2539 673 2568 ε
697 2525 777 2569 alia
800 2541 885 2569 non
907 2529 1105 2578 adderem
1130 2529 1272 2573 nullus
1294 2530 1410 2573 enim
1434 2539 1532 2590 eget
1550 2528 1711 2575 indicio

386 2641 396 2657 ¹
421 2612 592 2670 Luc-¹111.
620 2641 650 2665 2.
669 2649 709 2655 —
733 2640 745 2655 ·
780 2630 855 2664 lsai.
888 2643 953 2671 mv,
986 2643 1014 2665 ι.
1031 2650 1071 2658 —-
1092 2632 1209 2665 ³1bid.
1234 2651 1266 2660 -—
1290 2633 1373 2668 ⁴111.
1400 2645 1460 2676 ιιι,
1477 2646 1509 2679 9.
1529 2650 1572 2661 —
1590 2632 1709 2668 ‘Pul-

335 2697 380 2728 u,
401 2684 691 2737 10.-3⁶1‹1.cxv‚
714 2696 739 2718 1.
759 2703 796 2710 -
819 2691 829 2715 7
851 2685 927 2718 Luc.
951 2698 1014 2725 xvi,
1037 2688 1085 2721 16.
