1846 3262
405 243 489 287 323
956 258 991 287 s.
1030 257 1223 287 Aunuosn

403 354 483 382 nus
504 337 626 396 jubet
645 353 655 380 ε
676 337 751 381 sed
774 336 828 381 ita
857 337 1084 397 indulgere
1105 347 1267 381 naturae
1282 370 1294 388 ,
1318 346 1366 381 ut
1389 339 1604 383 venereris
1627 347 1774 384 aucto·

407 423 496 451 rem
511 441 522 458 ‚
547 424 625 452 nec
647 423 670 451 a
693 409 785 451 Deo
809 418 1033 467 parentum
1061 425 1207 453 amore
1234 410 1457 454 desciscas.

468 479 593 523 CCII.
633 479 780 537 ltaque
806 489 899 537 post
922 480 1099 523 divitum
1123 480 1319 539 resupina
1342 481 1511 525 fastidia
1532 481 1714 525 contulit
1733 497 1777 525 se

408 552 458 593 ad
473 558 620 609 gentes
632 583 642 599 ,
666 550 784 606 jubet
803 551 938 593 bonos
952 560 994 594 et
1013 552 1144 594 malos
1163 551 1340 594 introire
1355 584 1366 600 ,
1386 559 1432 594 ut
1449 552 1583 595 bonos
1601 549 1777 612 augeat,

408 623 620 665 malorum
645 621 844 668 affectum
867 622 906 664 in
930 622 1103 665 meliora
1123 622 1405 673 commutet¹3
1426 631 1473 667 ut
1492 625 1781 683 compleretur

409 693 512 735 illud
546 694 662 751 quod
693 693 822 736 hodie
853 694 1012 737 lectum
1043 694 1302 737 est:«Tunc
1335 694 1424 752 lupi
1457 702 1501 738 et
1528 696 1622 754 agui
1655 694 1784 738 simul

411 783 424 802 ι»
439 763 714 822 pascentur².
734 783 749 803 »
770 764 926 807 Invitat
947 779 1178 823 pauperes,
1205 763 1366 808 debiles
1383 797 1394 814 ,
1421 779 1556 808 caecos
1576 780 1586 808 z
1607 779 1692 823 quo
1713 780 1784 808 os-

409 834 600 877 tenditur
623 834 746 877 nobis
769 836 886 892 quod
914 836 1082 877 nullum
1111 835 1307 878 debilitas
1331 834 1524 894 corporis
1545 834 1745 879 excludat
1761 850 1784 880 a

413 921 568 963 regno,
594 906 816 963 rariusque
844 906 1064 964 delinquat
1089 906 1157 949 cui
1180 907 1379 962 illecebra
1405 906 1513 963 desit
1536 906 1746 966 peccandi
1773 921 1783 949 :

415 978 482 1019 vel
496 977 612 1034 quod
627 975 849 1019 infirmitas
868 985 1142 1034 peccatorum
1163 992 1239 1035 per
1255 976 1592 1021 misericordiam
1615 976 1789 1021 Domini

417 1046 684 1095 remittatur;
707 1053 755 1088 ut
782 1061 867 1088 non
891 1061 943 1089 ex
971 1046 1172 1104 operibus
1189 1080 1198 1096 ,
1223 1047 1297 1089 sed
1318 1062 1369 1089 ex
1390 1045 1476 1090 fide
1496 1048 1745 1107 redemptus
1768 1062 1791 1091 a

421 1117 600 1160 crimine
617 1117 694 1168 sit,
718 1125 765 1160 ut
786 1117 857 1174 qui
881 1117 1111 1175 gloriatur,
1138 1118 1178 1159 in
1206 1117 1390 1160 Domino
1417 1118 1638 1176 glorietur.

479 1187 624 1230 CClll.
663 1187 792 1231 Mittit
812 1188 955 1246 itaque
980 1188 1033 1230 ad
1055 1188 1191 1230 exitus
1217 1188 1407 1237 viarum:
1432 1188 1656 1246 prudentia
1679 1187 1794 1232 enim

421 1259 463 1301 in
485 1258 599 1301 exitu
622 1259 803 1301 canitur.
831 1258 958 1302 Mittit
980 1260 1032 1301 ad
1050 1259 1230 1317 plateas,
1261 1259 1360 1316 quia
1381 1259 1497 1303 misit
1522 1261 1574 1303 ad
1596 1268 1797 1319 peccato·

424 1344 512 1378 res,¹
537 1336 583 1371 ut
601 1329 654 1372 de
671 1327 894 1371 latioribus
912 1328 987 1371 viis
1006 1330 1058 1371 ad
1075 1338 1297 1387 angustam
1323 1329 1542 1380 venirent,
1565 1345 1659 1389 quae
1680 1329 1807 1373 ducit

426 1399 479 1442 ad
500 1398 645 1441 vitam.
674 1397 802 1441 Mittit
824 1399 877 1441 ad
900 1398 986 1442 vias
1000 1432 1010 1448 ,
1036 1407 1079 1442 et
1102 1400 1216 1442 circa
1233 1415 1353 1458 sepes
1368 1433 1379 1450 ,
1400 1401 1520 1459 quod
1539 1400 1802 1446 hisidelicet

425 1469 508 1526 apti
533 1469 617 1511 sint
635 1483 766 1527 regno
789 1470 998 1512 coelorum
1013 1502 1023 1518 ‚
1044 1470 1115 1527 qui
1145 1470 1272 1513 nullis
1291 1471 1564 1529 praesentium
1589 1470 1801 1530 cupidita·

427 1538 540 1581 tibus
557 1539 754 1597 occupati
773 1539 981 1582 adfutura
1004 1539 1222 1588 festinant,
1247 1541 1289 1584 in
1307 1541 1495 1599 quodam
1511 1542 1634 1585 bon-‘e
1653 1542 1803 1585 volun·

429 1609 524 1651 tatis
548 1609 717 1651 tramite
739 1609 960 1652 constituti
980 1624 990 1652 ε
1009 1618 1051 1652 et
1067 1610 1139 1668 qui
1159 1611 1286 1653 modo
1309 1610 1419 1669 sepis
1441 1625 1536 1669 quae
1553 1611 1606 1654 ab
1629 1611 1806 1655 incultis

431 1679 544 1722 culta
574 1687 791 1728 secernat,
811 1688 854 1722 et
870 1679 1065 1723 incursus
1089 1688 1230 1723 arceat
1252 1681 1508 1731 bestiarum,
1527 1681 1674 1725 norint
1693 1682 1806 1725 bona

430 1751 626 1808 malaque
662 1750 920 1808 distinguere
938 1783 948 1800 ,
987 1760 1030 1794 et
1066 1753 1266 1794 adversus
1301 1760 1565 1796 tentamenta
1602 1753 1801 1812 nequitioe

433 1822 656 1881 spiritalis,
686 1822 785 1865 fidei
818 1823 1038 1866 munimen
1066 1823 1319 1866 obtendere.
1352 1823 1551 1881 Denique
1578 1823 1806 1875 Dominus,

433 1901 480 1936 ut
512 1893 677 1935 vineam
706 1908 827 1936 suam
858 1895 1103 1936 ostenderet
1125 1893 1253 1936 fuisse
1276 1895 1485 1937 munitam
1503 1927 1515 1944 ‚
1533 1895 1612 1938 «Et
1635 1910 1778 1953 sepem
1794 1928 1806 1946 ,

431 1963 598 2022 »inquit
615 1995 626 2011 ,
650 1964 947 2012 circumdedi,
969 1973 1012 2007 et
1033 1963 1292 2007 circumfodi
1314 1964 1455 2008 eam'.
1471 1984 1488 2006 ι
1507 1965 1560 2008 Et
1581 1964 1811 2024 Apostolus

436 2035 626 2077 medium
655 2034 860 2091 parietem
888 2034 999 2092 sepis
1030 2034 1133 2076 dicit
1155 2050 1248 2077 esse
1272 2035 1530 2084 sublatum⁴,
1566 2035 1640 2093 qui
1672 2035 1813 2079 conti-

437 2104 686 2146 nuationem
706 2104 958 2146 munitionis
981 2104 1209 2162 irruperat.
1235 2105 1360 2148 Fides
1377 2105 1507 2164 igitur
1523 2114 1566 2148 et
1579 2106 1687 2149 ratio
1704 2121 1817 2164 quae·

440 2174 549 2216 ritur
571 2173 612 2216 in
643 2173 814 2232 plateis,
850 2173 932 2215 hoc
959 2181 1044 2223 est,
1074 2174 1115 2216 in
1141 2175 1351 2217 meatibus
1374 2175 1588 2219 interioris
1609 2174 1810 2226 affectu„

443 2244 540 2302 quia
577 2245 781 2303 scriptum
819 2252 882 2287 est
912 2258 922 2287 ι
949 2244 1020 2287 «ln
1061 2244 1207 2302 plateis
1245 2245 1327 2288 tuis
1364 2245 1660 2290 diffundantur
1695 2262 1814 2306 aquae

451 2333 467 2355 1
481 2314 603 2358 tuae⁶.
619 2334 635 2353 υ

509 2383 650 2427 CCIV.
690 2384 776 2427 Nec
799 2384 879 2427 hoc
901 2393 1043 2428 tamen
1067 2386 1240 2443 plenum
1262 2395 1347 2434 est,
1380 2394 1426 2429 ut
1458 2386 1609 2445 aliquis
1639 2395 1814 2431 vocatus

449 2456 667 2503 adveniat,
701 2456 778 2498 nisi
807 2464 962 2499 vestem
994 2457 1148 2500 habeat
1172 2457 1429 2515 nuptialem,
1458 2457 1541 2500 hoc
1570 2464 1658 2508 est,
1682 2455 1815 2502 fidem

499 2571 505 2583 ·
531 2561 604 2592 Luc.
626 2571 693 2599 nr,
713 2561 825 2593 21-25.
847 2580 876 2586 —
895 2570 907 2585 ⁸
933 2561 1008 2595 lsai.
1027 2572 1106 2602 bxv,
1122 2562 1173 2594 25.
1191 2579 1231 2587 —
1246 2560 1260 2583 ³
1279 2562 1398 2596 Manu.
1427 2573 1492 2598 nn.
1514 2562 1569 2595 35.
1591 2579 1628 2588 —
1662 2564 1675 2590 ⁴
1691 2560 1816 2607 Ephes-

451 2623 490 2650 ιι,
512 2613 561 2652 14.
581 2631 616 2638 -·
635 2617 646 2637 ⁵
662 2614 807 2654 1‘rov.r,
829 2616 880 2648 113.
