1800 3268
371 366 428 411 80
916 382 948 411 s.
988 381 1182 412 aunnosu

370 482 386 504 n
400 459 570 505 exisse¹.
594 479 610 501 »
632 460 733 504 Haec
755 467 820 503 est
836 468 954 504 costa
970 477 1065 519 quae
1089 463 1143 506 de
1164 460 1334 506 Christo
1355 461 1510 514 exivit,
1536 448 1618 508 uec
1639 477 1740 512 cor-

368 548 446 591 pus
467 531 560 588 ejus
585 531 824 582 imminuit3
851 547 935 574 non
950 531 1064 575 cuim
1083 533 1340 592 corporalis,
1364 534 1442 578 sed
1459 533 1660 594 spiritalis
1675 543 1742 580 est

369 611 485 645 costa
506 618 515 644 :
541 601 711 660 spiritus
738 610 880 645 autem
897 618 984 646 nou
1007 602 1214 647 dividitur
1230 603 1319 662 ipse
1342 619 1353 645 =
1378 603 1627 654 seddividit
1649 604 1741 650 sin-

370 673 477 729 gulis
497 679 624 730 prout
651 673 751 716 vult.
778 673 880 715 flaec
907 681 974 716 est
1002 673 1089 716 Eva
1109 682 1248 717 mater
1272 673 1466 718 omnium
1484 674 1736 732 viventium.

370 743 414 786 Si
434 744 548 786 enim
576 743 785 802 intelligas
808 743 1018 787 viventem
1047 758 1147 787 cum
1163 743 1344 789 mortuis
1360 744 1520 804 queri,
1539 744 1740 806 intelligis
1798 736 1800 739 ’

370 831 442 860 cos
472 823 664 858 mortuos
688 830 807 865 esse,
834 815 1020 873 quisine
1043 815 1214 859 Christo
1242 824 1370 868 sunt,
1402 817 1475 875 qui
1504 816 1737 877 participes

368 887 463 930 vitae
486 901 570 929 non
596 893 718 936 sunt;
749 884 835 929 hoc
855 893 919 928 cst
937 885 1053 929 enim
1077 886 1237 930 Christi
1254 902 1341 931 non
1366 902 1458 932 esse
1474 887 1704 946 participes
1722 920 1735 939 .

370 957 467 1015 quia
492 957 686 1001 Christus
710 965 774 1000 est
795 957 893 1000 vita.
917 955 1053 1000 Mater
1074 972 1175 1016 ergo
1195 957 1427 1002 viventium
1443 957 1635 1003 Ecclesia
1655 966 1738 1010 est,

369 1044 496 1086 quam
536 1026 762 1071 aedificavit
789 1027 914 1086 Deus>
940 1027 984 1070 in
1021 1027 1111 1087 ipso
1152 1043 1321 1072 summo
1366 1029 1558 1089 angulari
1592 1029 1743 1088 lapide

369 1099 538 1143 Christo
553 1098 657 1142 Jesu
671 1132 682 1148 ,
702 1099 744 1141 in
764 1113 848 1157 quo
867 1098 1005 1142 omnis
1028 1107 1245 1143 structura
1262 1099 1557 1159 compaginata
1577 1099 1737 1144 crescit

369 1170 410 1214 in
436 1172 644 1229 templum
659 1170 750 1213 Dei.

425 1240 686 1285 LXXXVII.
723 1240 877 1298 Veniat
892 1256 993 1300 ergo
1009 1242 1140 1292 Deus,
1159 1241 1342 1286 aedificet
1357 1242 1599 1293 mulierem,
1622 1241 1740 1287 illam

367 1313 542 1372 quidem
577 1311 832 1371 adjutricem
868 1313 993 1365 Adae,
1016 1314 1140 1363 thane
1177 1330 1278 1358 vero
1315 1314 1617 1373 Christi-„Non
1641 1313 1740 1373 quia

368 1384 562 1428 Christus
586 1384 883 1443 adjumentum
913 1385 1119 1443 requirit,
1155 1387 1231 1429 sed
1261 1385 1362 1444 quia
1394 1400 1475 1430 nos
1505 1384 1738 1444 quoerimus

366 1464 410 1499 et
436 1454 725 1498 desideramus
757 1456 808 1498 ad
842 1455 998 1498 Christi
1028 1456 1207 1513 gratiam
1230 1471 1306 1515 per
1327 1454 1567 1500 Ecclesiam
1588 1469 1739 1514 perve-

365 1526 470 1571 nire.
498 1527 552 1570 Et
571 1542 688 1570 nunc
706 1526 956 1580 aedificatur,
976 1535 1019 1570 et
1042 1542 1156 1570 nunc
1179 1527 1404 1576 formatur.
1432 1534 1475 1570 et
1494 1539 1612 1570 nunc
1631 1541 1732 1568 mu-

364 1598 443 1643 lier
463 1597 688 1657 figuratur,
715 1606 760 1641 et
788 1613 905 1641 nunc
929 1606 1111 1659 creatur.
1149 1597 1203 1641 Et
1234 1597 1330 1640 ideo
1360 1611 1472 1641 novo
1498 1596 1633 1641 verbo
1654 1611 1730 1640 usa

364 1679 428 1714 est
449 1668 716 1729 Scriptura²;
736 1669 834 1727 quia
851 1667 1245 1728 superaedificamur
1255 1683 1383 1727 super
1401 1666 1730 1711 fundamentum

361 1742 665 1801 Apostolorum
696 1750 739 1785 et
758 1741 1082 1800 Prophetarum.
1108 1741 1162 1784 Et
1189 1754 1304 1783 nunc
1342 1739 1496 1782 domus
1529 1737 1729 1797 spiritalis

365 1814 498 1872 surgit
521 1813 564 1856 in
587 1813 872 1856 sacerdotium
891 1821 1103 1855 sanctum.
1125 1810 1253 1860 Veni,
1278 1809 1451 1853 domine
1469 1809 1609 1860 Deus,
1628 1809 1730 1852 mdi-

361 1883 445 1928 fica
472 1885 697 1927 mulierem
728 1883 876 1932 istam.
907 1881 1074 1926 aedifica
1105 1881 1319 1924 civitatem
1342 1895 1352 1923 ι
1386 1879 1530 1923 veniat
1553 1886 1597 1923 et
1623 1893 1731 1938 puer

365 1965 486 2006 tuus;
510 1954 586 1998 tibi
603 1955 717 1998 enim
738 1955 867 1998 credo
887 1954 1049 1998 dicenti
1076 1968 1086 1996 :
1113 1972 1129 1992 α
1146 1953 1242 2012 Ipse
1257 1950 1492 1996 aedificabit
1513 1950 1730 2011 civitatem

365 2027 499 2070 »mihi
515 2025 546 2070 ⁸.
570 2045 587 2068 a»

421 2095 699 2141 LXXXVIII.
736 2096 849 2140 Ecce
881 2094 1037 2138 mulier
1068 2094 1261 2137 omnium
1282 2101 1433 2143 mater,
1453 2106 1556 2136 ecce
1577 2091 1730 2137 domus

365 2168 587 2227 spiritalis,
610 2183 713 2211 ecce
745 2168 890 2211 civitas
917 2182 1011 2224 quae
1037 2167 1148 2209 vivet
1179 2166 1222 2208 in
1246 2174 1477 2214 aeternum3
1496 2163 1596 2222 quia
1619 2161 1730 2214 mori

362 2239 510 2284 nescit.
532 2241 626 2299 Ipsa
648 2240 762 2283 enim
779 2248 843 2283 est
863 2239 1008 2282 civitas
1022 2238 1264 2282 Jerusalem
1281 2270 1292 2287 ‚
1324 2252 1420 2296 quae
1455 2250 1573 2280 nunc
1608 2233 1729 2279 vide-

363 2320 432 2355 tur
458 2310 502 2354 iu
528 2311 650 2354 terris
671 2326 681 2353 ε
711 2312 786 2354 sed
808 2310 999 2369 rapietur
1021 2325 1147 2368 supra
1170 2309 1304 2352 Eliam
1321 2325 1333 2358 ;
1353 2308 1465 2351 Elias
1485 2306 1601 2350 enim
1616 2321 1729 2351 unus

362 2382 456 2426 suit.
476 2381 772 2426 Transferetur
789 2397 916 2440 super
932 2380 1099 2429 Enoch,
1123 2380 1246 2438 cujus
1263 2394 1378 2422 mors
1394 2392 1479 2421 non
1496 2375 1723 2421 invenitur.

363 2452 440 2495 Ille
460 2452 573 2495 enim
594 2460 743 2511 raptus
763 2459 826 2495 est
841 2484 854 2502 ‚
879 2467 934 2494 ne
959 2451 1120 2494 malitia
1142 2458 1382 2494 mutaretur
1398 2464 1474 2492 cor
1489 2446 1582 2506 eius
1601 2460 1613 2489 ι
1635 2445 1728 2493 haec

364 2533 507 2567 autem
544 2523 733 2582 diligitur
761 2540 784 2568 a
817 2523 988 2567 Christo
1015 2523 1134 2581 quasi
1167 2537 1322 2582 sponsa
1350 2519 1533 2580 gloriosa
1555 2525 1725 2568 sancta,

362 2594 660 2645 immaculata,
690 2595 780 2638 sine
805 2610 921 2654 ruga.
949 2594 1002 2637 Et
1033 2602 1193 2651 quanto
1223 2592 1375 2636 melius
1409 2599 1549 2635 totum
1570 2594 1727 2647 corpus

361 2666 604 2717 assumitur,
629 2681 891 2725 quamunus
913 2674 1154 2724 assumptus
1173 2663 1267 2708 est?
1293 2663 1395 2706 Haec
1408 2660 1526 2707 enim
1549 2666 1612 2704 est
1627 2653 1723 2718 spes
1784 2666 1800 2713 j

406 2765 416 2782 ¹
438 2740 517 2795 12uc.
536 2759 687 2805 νηπίω,
705 2778 743 2788 --
764 2768 776 2787 ⁸
792 2759 916 2807 pptles.
945 2770 982 2796 ιι,
999 2768 1052 2794 20.
1072 2776 1113 2786 -—
1130 2759 1144 2786 ³
1160 2758 1237 2794 Isai-
1254 2767 1327 2797 xcv,
1350 2755 1400 2790 ιδ.
