1800 3268
343 280 394 324 16
884 290 916 319 s.
957 285 1153 318 aunaosn

334 373 410 418 sed
431 378 646 417 assecutus
666 378 731 413 est
751 368 919 419 omnia3
943 369 1042 428 quia
1069 383 1164 427 quae
1185 365 1302 417 fecit,
1324 363 1480 424 iuquit,
1505 355 1661 413 Jesussj'
1672 360 1710 407 si

335 444 577 489 scribantur
606 441 764 490 omnia,
791 455 873 484 nec
899 440 1038 499 ipsum
1065 454 1218 498 capere
1237 438 1451 481 mundum
1470 433 1705 488 arbitron-¹.

338 513 535 562 Advertis
553 512 668 555 enim
688 512 805 570 quotl
825 512 1022 555 consulto
1050 511 1180 553 etiam
1207 523 1256 553 ea
1285 523 1378 567 quae
1409 507 1462 551 ab
1494 505 1586 551 aliis
1610 510 1711 550 sunt

338 585 512 644 scripta.
535 582 764 642 praeteriit3
793 590 840 625 ut
862 582 1025 625 divorsa
1053 581 1095 624 in
1117 580 1347 638 Evangelio
1371 578 1503 638 gratia
1525 577 1713 636 refulge-

337 665 418 706 ret,
441 663 483 698 et
504 654 686 713 propriis
713 652 968 710 quibusdam
989 652 1145 711 singuli
1165 652 1264 694 libri
1288 648 1593 709 mysteriorum
1615 662 1713 707 ges-

341 734 567 782 torumque
594 723 811 766 miraculis
832 723 1084 766 eminerent.
1111 719 1495 766 Diviserunt⁴³enIm
1519 717 1602 763 sibi
1626 731 1717 762 ves·

340 796 518 839 timente
546 793 719 838 Domini
754 793 908 836 milites
944 792 1120 842 Christi,
1157 793 1275 850 quod
1308 806 1386 835 suo
1419 791 1518 835 loco
1548 787 1717 850 plenius

344 864 678 926 explanabitur'.
1709 856 1713 860 ’

402 938 500 982 XII.
538 937 753 996 Scriptum
796 945 858 980 est
898 945 1041 981 autem
1084 936 1361 995 Evangelium
1412 937 1466 1000 aq
1504 931 1720 994 Theophi-

345 1012 436 1056 lum
476 1009 559 1066 (2),
590 1009 672 1053 hoe
699 1017 788 1058 cst,
820 1009 874 1052 ad
903 1023 1003 1052 eum
1029 1023 1157 1066 quem
1189 1009 1303 1051 Deus
1337 1006 1486 1066 diligit.
1514 1006 1558 1050 Si
1580 1006 1719 1050 Deum

348 1080 501 1139 diligis,
527 1081 580 1123 ad
608 1088 649 1122 te
676 1080 883 1138 scriptum
913 1080 1048 1122 cst:si
1076 1081 1128 1123 ad
1151 1088 1193 1122 tc
1217 1079 1424 1137 scriptum
1447 1086 1528 1127 est,
1554 1076 1721 1135 suscipe
1765 1089 1770 1093 ’

346 1167 504 1197 munus
535 1150 1001 1210 Evangelistaezpignus
1033 1151 1158 1194 amici
1194 1150 1236 1193 in
1268 1149 1560 1209 penetralibus
1592 1145 1722 1191 animi

351 1223 576 1281 diligenter
602 1237 781 1265 asserva.
801 1239 816 1260 a
834 1222 1003 1264 Bonum
1029 1221 1272 1280 depositum
1301 1218 1468 1264 custodi
1490 1234 1570 1279 per
1590 1217 1723 1278 Spiri-

351 1314 368 1338 ι
383 1304 474 1339 tum
497 1301 709 1342 sanctum,
733 1293 806 1351 qui
830 1293 952 1336 datus
975 1301 1040 1336 est
1061 1292 1231 1337 nobis⁸:
1251 1293 1528 1351 »frequenter
1544 1291 1722 1350 inspice.
1798 1306 1800 1325 1

354 1365 505 1424 saepius
527 1364 703 1407 discute.
725 1363 851 1406 Fides
869 1364 1036 1422 pignori
1058 1363 1195 1422 prima
1215 1364 1420 1406 debetur:
1437 1362 1566 1406 fidem
1589 1360 1726 1419 scqui-

353 1445 424 1480 tur
456 1433 695 1492 diligentia;
728 1448 781 1476 ne
811 1433 1045 1476 ¹commissa
1076 1433 1153 1476 tibi
1184 1434 1360 1492 pignora
1389 1441 1462 1476 aut
1491 1433 1627 1483 tinea,
1654 1438 1728 1474 aut

355 1521 499 1564 aerugo
524 1511 762 1548 consumat.
798 1504 928 1556 Quod
957 1505 1073 1547 enim
1104 1504 1181 1548 tibi
1214 1505 1492 1548 commissum
1522 1512 1603 1554 est,
1627 1516 1727 1546 con-

356 1576 468 1622 sumi
489 1583 628 1634 potest
643 1590 652 1617 ε
666 1575 942 1632 Evangelium
963 1575 1157 1618 consumi
1174 1589 1261 1618 non
1276 1583 1429 1634 potest.
1451 1573 1728 1634 Evangelium

356 1647 521 1692 honum
543 1646 693 1704 pignus
715 1653 780 1688 est
797 1660 806 1687 :
822 1646 897 1688 scd
918 1645 1012 1688 vide
1034 1661 1089 1689 ne
1107 1646 1174 1689 vel
1200 1645 1240 1688 in
1270 1645 1413 1689 animo
1434 1652 1509 1688 tuo
1529 1644 1636 1688 illud
1658 1646 1731 1688 aut

360 1719 471 1762 tinea
497 1725 568 1761 aut
592 1732 735 1775 aerugo
758 1725 994 1760 consumat.
1026 1718 1253 1762 Consumit
1277 1717 1406 1768 tinea,
1429 1717 1462 1761 si
1484 1717 1731 1776 quodbenc

359 1789 527 1849 legeris,
551 1790 661 1831 male
683 1789 846 1832 credas.
1018 1792 1021 1793 ⁷

419 1861 538 1906 XIII.
574 1860 704 1904 Tinea
740 1859 964 1904 haercticus
1000 1869 1077 1911 est,
1115 1860 1227 1904 tinea
1263 1861 1470 1905 Photinus
1505 1869 1586 1912 est,
1619 1859 1733 1906 tinea

360 1940 436 1975 tua
467 1929 615 1974 Arrius
644 1938 719 1973 cst.
756 1930 923 1974 Scindit
954 1931 1271 1981 vestimentum,
1301 1931 1374 1989 qui
1411 1939 1579 1991 separat
1602 1931 1734 1976 aDeo

362 2001 568 2047 Verbum.
601 2001 767 2044 Scindit
798 2000 1098 2044 vestimentum
1124 2001 1348 2052 Photinus,
1375 2015 1476 2045 cum
1503 2001 1667 2061 legite«
1685 2002 1734 2046 In

365 2071 606 2133 »principio
629 2082 720 2116 erat
746 2071 952 2122 Verbum,
983 2081 1027 2116 ct
1049 2072 1238 2117 Verbum
1265 2082 1357 2117 crat
1378 2074 1490 2132 apud
1512 2073 1668 2127 Deum,
1692 2080 1737 2118 ct

366 2145 509 2189 »Deus
531 2143 662 2187 erat‘¹.
689 2144 934 2202 »Integrum
959 2144 1072 2187 enim
1099 2146 1401 2188 vestimentum
1421 2153 1500 2196 est,
1530 2144 1564 2189 si
1588 2146 1732 2206 legas:

378 2233 395 2255 ι
414 2215 468 2258 Et
492 2215 607 2259 Deus
632 2223 724 2258 erat
753 2214 984 2259 Verbum⁵O
1010 2215 1207 2259 »Scindit
1238 2217 1540 2261 vestimentum
1569 2217 1642 2276 qui
1671 2210 1738 2262 sc-

366 2295 534 2347 parata
556 2286 646 2330 Deo
681 2285 916 2330 Christum.
952 2286 1118 2330 Scindit
1151 2288 1449 2332 vestimentum
1487 2289 1560 2348 qui
1594 2289 1736 2349 legit:

379 2358 512 2403 «Haec
541 2362 607 2401 est
639 2365 782 2401 autem
817 2358 899 2401 vita
937 2367 1118 2409 aeterum
1150 2369 1197 2403 ut
1230 2368 1490 2419 cognoscant
1527 2369 1570 2404 te
1599 2361 1738 2405 solum

368 2445 548 2474 zverum
574 2428 738 2473 Deum⁶
755 2446 768 2479 ς
786 2429 896 2472 »nisi
926 2439 1156 2489 cognoscat
1178 2439 1220 2474 ct
1243 2431 1474 2476 Christum.
1503 2432 1596 2476 Non
1623 2431 1739 2476 enim

366 2501 505 2547 solum
523 2499 691 2544 Patrem
708 2514 806 2544 vere
821 2500 958 2544 Deum
981 2516 1239 2561 cognoscere
1257 2503 1340 2546 vita
1361 2510 1520 2547 aeterna
1542 2511 1607 2547 est
1628 2516 1640 2546 t
1662 2501 1741 2546 scd

410 2615 420 2631 ¹
442 2605 545 2639 «loen.
570 2614 640 2645 nt,
673 2606 724 2637 25.
741 2621 779 2630 --
800 2612 812 2628 ⁸
835 2604 924 2638 Infra
946 2604 1005 2638 lib.
1028 2616 1046 2638 x
1075 2606 1108 2639 in
1136 2617 1208 2650 cap,
1236 2606 1347 2646 23—31.
1362 2625 1398 2632 ·-
1420 2609 1431 2631 ³
1448 2619 1464 2641 a
1479 2606 1566 2641 Tim.
1582 2618 1606 2647 τ,
1626 2607 1680 2647 ι4.
1702 2625 1740 2634 --

369 2663 383 2692 ⁴
400 2661 497 2695 Joan.
512 2671 534 2697 ι,
553 2671 582 2694 ι.
601 2678 636 2686 -
659 2659 859 2694 ⁵1bid.-⁶
882 2660 935 2696 ld.
950 2671 1034 2702 xvu,
1048 2661 1083 2695 3.
