1800 3268
351 274 404 317 52
899 283 933 312 s.
974 282 1167 313 sunnosu

346 364 696 412 mundabuntur,
719 362 790 420 qui
813 362 948 406 relicti
972 373 1071 407 sunt
1094 364 1134 406 iu
1159 363 1278 405 annis
1302 361 1635 421 quadringentis.
1652 360 1717 408 -Et

346 437 455 480 »erit
489 443 583 494 post
615 450 747 477 annos
773 433 866 482 hos,
902 442 944 476 et
969 435 1177 477 mon-iouu-
1209 434 1340 477 Filius
1369 449 1491 477 meus
1521 432 1717 476 Christus

348 508 574 550 desua...
599 514 642 548 ct
659 513 933 548 convertetur
958 506 1206 548 saeculuuss.
1231 524 1247 545 n
1264 505 1604 554 t’idesAnmstos,
1623 518 1718 562 qum

349 576 575 626 audierint,
605 591 690 619 non
720 591 813 634 qum
847 577 1157 635 usurpaverint,
1193 578 1402 619 nuntiare.
1440 571 1527 619 Nec
1554 574 1720 618 uiiieris

346 649 379 691 si
405 662 563 690 nomen
587 647 739 690 mulier
756 649 872 705 quod
896 662 979 690 non
999 648 1175 694 audivit..
1202 646 1402 696 assei-uin
1430 647 1602 704 quaudo
1625 644 1721 704 Spi-

347 720 454 762 ritus
475 719 514 761 ei
541 730 712 762 sanctus
734 718 805 776 qui
830 718 993 776 Angulo
1018 718 1308 768 mandaverat,
1331 715 1545 760 revelavit.
1577 715 1722 773 Neque

349 798 518 849 poterat
542 789 710 833 Domini
732 789 928 847 ignorare
948 788 1256 848 praenuntium,
1278 782 1371 846 quie
1398 786 1723 848 prophetaverat

354 861 589 904 Christum.
1385 859 1390 865 ’

409 932 596 977 ΧΧΧΙΙ.
634 932 686 974 Et
708 931 817 974 bene
839 931 1010 974 additur
1025 931 1120 989 quia
1144 945 1270 974 nemo
1293 930 1334 973 in
1359 929 1614 990 cognatione
1630 928 1724 987 ejus

354 1003 589 1045 vocabatur
610 1002 692 1044 hoc
714 1003 912 1050 numium
940 1010 987 1044 ut
1012 1001 1221 1060 intelligas
1255 1017 1410 1043 noun-u
1444 1015 1527 1044 non
1558 997 1725 1058 generis

352 1089 463 1122 esse.
485 1075 560 1116 sed
587 1062 702 1115 ratis.
730 1072 957 1116 Zacharias
983 1088 1155 1130 quoq-ie
1178 1081 1283 1115 nutu
1307 1072 1595 1130 interrogatur
1616 1086 1627 1113 :
1650 1071 1726 1113 sed

351 1144 448 1202 quia
480 1143 760 1186 >incredulitas
789 1143 826 1186 ei
857 1142 1029 1185 allhtum
1059 1145 1274 1200 eripuerat
1300 1152 1343 1186 et
1374 1143 1586 1191 anditum,
1610 1139 1728 1200 quod

354 1230 459 1258 voce
489 1229 573 1258 non
605 1222 791 1271 poterat,
818 1229 944 1256 {nanu
975 1222 1019 1256 et
1046 1214 1199 1257 litteris
1220 1206 1294 1256 'est
1324 1216 1525 1263 locutus;
1558 1211 1729 1271 scripsit

353 1285 468 1330 enim
498 1285 644 1327 diceus
664 1299 674 1326 ε
693 1303 709 1321 α
726 1283 914 1326 Joanues
936 1293 1000 1326 est
1026 1300 1179 1327 nomeu
1209 1284 1316 1341 ejus.
1339 1284 1420 1329 »Et
1453 1285 1533 1327 hoc
1569 1297 1727 1326 nomen

353 1371 441 1399 non
462 1356 713 1414 imponitur,
732 1357 806 1398 sod
822 1356 1050 1399 astruitur:
1068 1356 1306 1413 meritoque
1323 1356 1527 1399 continuo
1544 1356 1728 1399 resoluta

355 1437 420 1470 est
447 1427 588 1485 lingua
619 1426 738 1484 ejusg
776 1427 873 1484 quia
905 1441 1030 1484 quam
1063 1427 1252 1469 vinxerat
1285 1428 1584 1476 incredulitas.
1624 1425 1740 1469 fides·

360 1499 499 1541 solvit.
532 1498 768 1540 Credamus
798 1507 844 1542 et
872 1513 947 1540 nos
982 1498 1126 1555 igitur,
1158 1507 1206 1541 ut
1236 1499 1479 1556 loquamur,
1509 1506 1558 1542 ut
1586 1498 1728 1557 lingua

357 1576 503 1610 nostra
521 1583 618 1624 qum
644 1568 953 1611 incredulitatis
973 1568 1152 1611 vinculis
1175 1578 1239 1612 cst
1262 1569 1404 1627 ligata,
1429 1568 1603 1612 rationis
1626 1582 1730 1611 voce

363 1639 567 1682 solvatur.
593 1637 841 1682 Scribamus
871 1639 1022 1697 spiritu
1053 1641 1271 1698 mysteri-a,
1298 1641 1331 1682 si
1361 1640 1557 1684 volumus
1579 1639 1726 1698 loqui:

364 1711 601 1763 scribamus
621 1710 905 1768 praenuntium
927 1710 1084 1753 Christi
1105 1726 1186 1754 uon
1211 1711 1251 1753 in
1276 1711 1428 1754 tabulis
1444 1708 1639 1769 lapideis.
1657 1711 1733 1754 sed

366 1780 411 1823 in
428 1781 581 1824 tabulis
598 1782 737 1824 cordis
754 1781 1008 1824 carnalibus.
1026 1781 1195 1825 Etenim
1208 1783 1280 1840 qui
1297 1771 1507 1826 «loannem
1525 1781 1731 1840 loquitur,

368 1851 585 1895 Christum
617 1852 855 1911 prophetat.
893 1852 1140 1910 Loquamur
1169 1853 1400 1903 Joanueiu.
1434 1855 1661 1911 loquamur
1690 1858 1735 1896 ct

371 1921 610 1972 Christum3
635 1930 683 1964 ut
707 1931 899 1965 nostrum
926 1938 1096 1980 quoque
1123 1938 1169 1965 os
1198 1924 1329 1982 possit
1358 1923 1529 1983 aperiri,
1553 1924 1666 1982 quod
1691 1922 1735 1966 iu

367 1993 589 2036 sacerdote
615 2001 732 2036 tanto
755 1993 1059 2037 irrationabilis
1083 1995 1213 2037 modo
1237 1995 1413 2053 pecudis
1437 1994 1559 2039 frena
1584 2001 1736 2037 nutan-

369 2062 422 2106 tis
443 2062 543 2106 fidei
563 2065 833 2108 coercebant.

439 2152 454 2173 ι
474 2134 526 2176 Et
555 2134 780 2179 Zacharias
814 2144 933 2193 pater
953 2136 1045 2194 ejus
1067 2136 1267 2195 impletus
1294 2146 1358 2180 est
1381 2135 1543 2196 Spiritu
1569 2142 1735 2188 sancto,

371 2213 443 2248 »et
463 2205 743 2263 prophetabat
764 2205 948 2250 dicens².
972 2226 989 2247 »
1242 2221 1247 2226 ·

429 2275 637 2319 ΧΧΧΙΙΙ.
675 2275 781 2319 Vide
805 2292 931 2334 quam
954 2277 1093 2320 bonus
1123 2276 1254 2327 Deus,
1285 2286 1328 2320 ct
1357 2276 1488 2320 facilis
1517 2276 1738 2335 indulgere

372 2338 688 2405 pecc,atis:non
719 2350 859 2392 solum
889 2350 1026 2392 ablata
1058 2350 1258 2396 restituit.
1282 2349 1354 2392 sed
1377 2349 1503 2399 ctiam
1526 2349 1738 2407 insperata

372 2419 584 2463 concedit.
613 2420 689 2462 Ille
710 2419 873 2462 dudum
903 2429 1048 2463 mutus
1075 2421 1325 2479 prophetat:
1355 2419 1445 2463 haec
1467 2420 1581 2462 euim
1606 2417 1739 2476 gratia

370 2487 449 2531 Dei
466 2489 663 2539 maxima,
682 2489 797 2547 quod
815 2505 912 2531 eum
932 2490 1003 2547 qui
1020 2499 1292 2548 negaverant,
1312 2489 1584 2534 confitentur.
1604 2487 1739 2534 Nemo

371 2572 473 2616 ergo
497 2558 675 2604 diffidat.
699 2575 827 2603 nemo
853 2569 1045 2604 veterum
1067 2561 1263 2606 conscius
1284 2562 1539 2607 delictorum
1565 2556 1740 2620 praemia

418 2660 427 2676 ¹
445 2653 467 2691 4
482 2652 577 2688 Esdr.
590 2663 649 2693 vn,
670 2653 779 2688 28-50.
796 2673 834 2681 -
855 2663 866 2678 ⁵·
885 2655 963 2688 Luc.
982 2666 1007 2695 ι,
1022 2655 1073 2698 65.
