1846 3262
385 317 464 362 ¹92
933 312 964 340 s.
1006 309 1200 340 Aninnosn

376 393 501 439 nobis
523 391 675 437 vidisse
698 402 826 448 quem
847 387 1043 447 legimus,
1063 396 1277 448 spectasse
1299 388 1579 446 pendentem,
1601 394 1645 431 et
1662 386 1751 431 vu'l-

381 479 482 509 nera
499 463 607 522 ejus,
625 460 776 521 spiritu
792 460 992 504 Ecclesiae
1009 468 1242 509 scrutante,
1269 468 1480 509 tentasse3
1504 457 1537 503 si
1554 457 1669 502 enim
1692 457 1752 502 di·

380 535 466 594 gito
488 533 566 578 Dei
591 532 822 592 ejiciuntur
844 530 1079 583 damonia«,
1111 530 1215 574 fides
1248 545 1418 589 quoque
1443 528 1576 589 digito
1599 528 1752 573 Eccle-

380 606 452 650 siae
477 604 700 664 reperitur.
740 603 826 648 Aut
856 602 1033 646 sortasse
1063 602 1106 645 in
1133 610 1254 661 parte
1292 602 1476 660 quadam
1513 597 1752 659 operatrice

378 676 568 736 corporis
604 674 737 720 nostri
783 689 931 718 omnes
969 673 1162 718 videmur
1204 672 1477 731 investigasse
1511 669 1749 735 Dominicae

380 747 531 794 seriem
553 745 783 807 passienis:
818 743 923 788 fides
954 743 1069 788 enim
1100 759 1178 804 per
1206 758 1368 804 paucos
1395 743 1447 786 ad
1476 743 1620 803 plures
1650 756 1751 802 per-

382 819 510 864 venit.
540 819 628 864 Lex
653 834 754 878 ergo
783 817 999 861 Christum
1024 824 1251 860 venturum
1275 811 1752 871 annuntiattssvangelii

383 890 592 950 scriptura
615 889 780 933 venisse
802 887 1042 932 confirmat.

441 960 633 1008 XCVIII.
671 960 873 1006 Nonnulli
894 959 1022 1004 etiam
1040 959 1120 1003 de'
1110 974 1199 1019 ipso
1221 958 1382 1003 Joanne
1406 958 1467 1004 sic
1489 956 1750 1019 intelligunt,

382 1046 584 1093 magnum
607 1032 809 1092 quidem'
797 1042 854 1077 ita
874 1033 1152 1092 prophetam,
1176 1041 1225 1075 ut
1241 1032 1459 1076 Christum
1484 1039 1749 1091 agnosceret,

382 1104 653 1150 annuntiaret
672 1103 964 1148 remissionem
984 1111 1261 1162 peccatorum
1285 1103 1475 1146 suturam
1490 1117 1501 1146 z
1517 1102 1593 1147 sed
1610 1110 1753 1147 tamen

381 1190 467 1221 non
490 1185 692 1235 tanquam
715 1175 919 1226 dubium,
952 1176 1028 1218 sed
1054 1183 1255 1234 tanquam
1283 1173 1402 1234 pium
1432 1181 1595 1225 vatem,
1624 1187 1753 1233 quem

381 1256 610 1292 venturum
631 1248 886 1298 crediderat,
911 1262 998 1290 non
1023 1247 1256 1291 credidisse
1277 1247 1549 1292 moriturum.
1569 1245 1664 1291 Non
1681 1244 1755 1305 igi·

382 1327 455 1364 tur
475 1318 575 1369 fide,
595 1320 671 1362 sed
685 1318 842 1378 pietate
861 1318 1083 1362 dubitavit.
1106 1317 1326 1362 Dubitavit
1346 1326 1389 1362 et
1407 1317 1557 1362 Petrus
1580 1316 1750 1362 diceus:

396 1389 637 1449 «Propitius
659 1398 766 1439 esto,
790 1389 989 1439 Domine,
1022 1404 1107 1432 non
1133 1387 1208 1432 fiet
1234 1388 1359 1433 hoc'.
1381 1389 1487 1433 »Ine
1517 1388 1619 1433 fidei
1639 1387 1754 1449 priu-

383 1475 483 1521 ceps
510 1460 597 1517 (cui
625 1476 669 1504 se
697 1460 889 1505 Christus
911 1462 1103 1504 nondum
1125 1460 1203 1504 Dei
1225 1461 1381 1504 Filium
1406 1460 1584 1512 dixerat,
1616 1468 1661 1505 et
1690 1470 1749 1505 ta·

381 1546 482 1576 men
497 1532 567 1575 ille
583 1532 837 1589 crediderat)
854 1533 906 1575 do
921 1540 1060 1575 morte
1075 1531 1234 1575 Christi
1248 1547 1327 1575 nee
1347 1532 1516 1576 Christo
1530 1531 1747 1577 credidit¹.

379 1600 550 1645 Pietatis
567 1600 759 1651 affectus,
778 1617 864 1644 non
884 1601 1168 1645 indevotionis
1187 1603 1416 1660 estlapsus.
1438 1602 1634 1660 Denique
1650 1601 1751 1646 alibi

381 1670 511 1715 lavari
537 1670 617 1714 sibi
647 1672 777 1729 pedes
808 1670 1014 1723 recusat⁸‚
1043 1671 1117 1714 ubi
1152 1671 1404 1729 mysterium
1433 1686 1517 1715 non
1540 1670 1748 1732 agnoscit.

380 1740 484 1784 dum
501 1740 728 1784 Dominico
745 1750 942 1800 gravatur
959 1741 1176 1800 obsequio.
1202 1742 1312 1800 Ergo
1333 1741 1589 1786 moriturum
1608 1742 1750 1786 Chris·

377 1819 471 1856 tum
501 1827 582 1856 nec
618 1813 753 1856 sancti
784 1813 1058 1856 crediderunt
1086 1828 1096 1855 ε
1120 1814 1283 1866 «Quod
1321 1814 1435 1857 enim
1475 1815 1626 1858 oculus
1663 1829 1749 1858 non

381 1882 532 1932 uidit,
547 1897 626 1926 nec
644 1881 754 1926 auris
768 1883 943 1933 audivit,
963 1880 1044 1926 n'ec
1067 1883 1109 1926 in
1132 1898 1208 1927 cor
1227 1883 1412 1928 hominis
1431 1885 1637 1937 ascendit,
1657 1884 1749 1930 haec

382 1971 400 1995 »
412 1953 661 2013 praeparavit
676 1953 790 1996 Deus
808 1954 1083 2013 diligentibus
1099 1954 1232 1999 eum⁴.
1247 1975 1263 1995 ι»
1276 1955 1494 2015 Religiosis
1505 1956 1646 2016 itaque
1661 1957 1750 2016 lap·

379 2040 450 2069 sus
469 2025 625 2069 amoris
648 2024 775 2068 fidem
800 2040 885 2068 non
913 2026 1107 2085 impedit.

436 2094 595 2139 XCIX.
630 2095 824 2153 Denique
845 2096 1053 2140 Dominus
1075 2097 1212 2142 sciens
1240 2099 1456 2144 neminem
1487 2101 1578 2144 sine
1606 2100 1747 2145 Eran-

378 2165 488 2223 gelio
509 2167 634 2224 plene
655 2165 831 2209 credere
856 2181 1005 2225 posse3
1021 2168 1119 2226 quia
1137 2169 1247 2213 sicut
1270 2169 1375 2214 fides
1393 2186 1415 2214 a
1430 2170 1574 2216 Veteri
1598 2171 1749 2232 incipit

376 2234 664 2286 Testamento,
685 2236 741 2279 ita
763 2236 993 2296 impletur'
982 2254 1023 2282 ιη
1045 2240 1190 2284 Novo:
1204 2242 1488 2304 interrogatus
1510 2242 1563 2286 de
1585 2258 1646 2294 se,
1660 2258 1746 2288 non

375 2306 508 2349 verbo
527 2306 684 2364 aliquo,
704 2308 776 2350 sed
796 2307 914 2352 factis
930 2325 974 2353 se
991 2326 1081 2354 esse
1098 2311 1291 2370 signavit.

444 2377 556 2428 «Ite,
577 2378 730 2435 inquit,
754 2379 947 2423 nuntiate
968 2381 1123 2425 Joanni
1155 2399 1247 2441 quae
1277 2384 1466 2434 audistis,
1490 2394 1534 2430 et
1560 2386 1735 2431 vidistis.

374 2446 515 2491 »Caeci
546 2448 708 2499 vident,
749 2449 890 2493 claudi
927 2452 1163 2504 ambulant,
1203 2455 1319 2498 surdi
1356 2456 1550 2508 audiunt,
1583 2459 1740 2518 leprosi

373 2519 690 2570 »mundantur,
725 2520 885 2564 mortui
914 2523 1166 2583 resurgunt,
1207 2541 1416 2585 pauperes
1448 2529 1742 2587 evangelizan—

373 2589 518 2634 ἠΰτ’.
540 2607 558 2631 ι

419 2680 569 2714 ¹0Matth
583 2683 1424 2730 xv1.u.-·1bid.16.—³Joan.mt,8.—⁴
1445 2692 1558 2727 ncor.
1573 2703 1621 2734 ιι,
1638 2705 1672 2738 9.
1698 2712 1738 2719 -

372 2736 388 2761 ⁵
405 2734 488 2770 Luc.
503 2745 562 2778 vn,
582 2746 637 2770 υ.
