1846 3262
425 294 508 338 368
975 315 1006 342 s.
1049 315 1241 344 sunnosn

420 397 462 430 ct
500 387 642 431 felices
665 390 749 432 veri
785 401 1013 450 proventus
1044 394 1228 443 laboris,
1253 395 1324 452 qui
1350 397 1467 440 nullo
1492 395 1630 440 inutili
1654 394 1790 441 imbre

424 458 653 503 madefiant
676 476 686 503 ε
711 462 873 505 fructus
890 473 1032 507 autem
1050 466 1191 508 carnis
1203 469 1458 524 corruptelae
1473 468 1683 512 obnoxius
1700 478 1787 519 θεὶς

423 541 465 574 et
484 532 578 574 ideo
595 531 666 589 qui
682 533 865 575 carnalia
888 534 1174 585 seminaverit,
1192 537 1376 580 carnalia
1391 546 1434 580 et
1452 546 1598 582 metet.
1614 537 1677 582 De
1690 554 1790 598 agro

425 617 524 645 vero
541 602 643 660 quid
664 603 821 652 dicam,
841 618 937 646 curn
957 605 1224 648 manifestum
1250 607 1360 650 sitin
1384 623 1512 666 opere
1531 608 1708 652 cultoris
1725 610 1791 652 vel

424 675 592 717 laudem
606 689 713 723 esse,
739 675 803 717 vel
825 676 1008 733 culpam¹
1028 677 1045 718 Ξ)

495 764 509 784 ι
527 745 578 787 Et
605 746 911 802 respondentes
938 746 1135 789 dixerunt
1160 763 1170 789 z
1200 747 1280 790 Ubi
1304 747 1508 792 Domine'
1524 750 1574 793 ἶ).

481 815 587 859 LIV.
628 817 715 859 Hoc
745 817 950 875 Discipuli
982 817 1113 860 locuti
1144 827 1243 860 sunt
1269 833 1279 858 τ
1304 818 1512 863 Dominus
1543 831 1684 867 autem
1714 810 1789 868 ubi

425 886 679 945 praemonuit
699 895 741 928 et
761 902 845 944 qno
869 888 1140 943 fugiendum.
1175 898 1218 931 et
1244 889 1315 931 ubi
1343 875 1722 943 mmmm-andum,
1746 903 1790 937 et

424 958 526 1015 quid
547 966 656 1000 esset
678 959 931 1007 cavendum,
955 959 1200 1015 complexus
1222 967 1284 1001 est
1308 976 1518 1005 summam
1541 961 1788 1007 delinitione

422 1029 633 1087 generali,
663 1029 808 1071 dicens
829 1043 838 1069 ε

493 1118 508 1138 ι
530 1100 608 1142 Ubi
626 1097 752 1141 suerit
774 1113 930 1156 corpus
945 1131 955 1147 ,
983 1099 1039 1141 ibi
1063 1102 1438 1158 congregabuntur
1457 1110 1501 1146 et
1522 1103 1713 1161 aanae'.
1729 1122 1746 1143 ι

486 1169 567 1212 LV.
604 1169 750 1226 ltaque
769 1168 881 1226 prius
904 1185 997 1226 quae
1013 1169 1098 1212 sint
1113 1171 1262 1227 aquila:
1278 1172 1559 1228 conjiciamus
1575 1206 1586 1223 ,
1605 1182 1654 1216 ut
1669 1172 1786 1232 quod

423 1240 476 1283 sit
499 1255 653 1298 corpus
673 1239 940 1282 definiamus.
966 1239 1187 1283 Justomm
1210 1243 1323 1285 enim
1343 1244 1493 1287 animae
1515 1244 1789 1302 aquiliscom-

424 1322 649 1371 parantur,
673 1312 786 1369 quod
806 1313 884 1354 alta
906 1320 1073 1369 petant,
1097 1312 1272 1356 humilia
1297 1305 1614 1373 derelinquant,
1636 1317 1789 1374 longa!-

424 1401 516 1427 vam
542 1384 700 1426 ducere
726 1383 917 1425 serantur
946 1393 1128 1427 aetatem.
1158 1385 1278 1427 Unde
1299 1394 1343 1427 et
1366 1386 1499 1429 David
1522 1388 1673 1430 animae
1701 1401 1787 1430 suae

423 1456 526 1498 dicit
547 1472 588 1496 :a
609 1454 899 1499 Renovabitur
914 1454 1025 1497 sicut
1045 1454 1195 1511 aquilae
1214 1454 1413 1510 juventus
1434 1457 1548 1500 tua‘.
1566 1477 1582 1496 ιι
1597 1455 1643 1500 Si
1660 1457 1788 1516 igitur

424 1527 705 1571 intelleximus
731 1526 892 1582 aquilas
907 1558 916 1573 ,
937 1527 988 1568 de
1011 1540 1190 1583 corpore
1207 1526 1292 1582 jam
1313 1527 1510 1571 dubitare
1532 1543 1617 1571 non
1633 1543 1787 1586 possu-

422 1616 540 1648 mus,
572 1597 754 1640 maxime
775 1597 806 1638 si
832 1597 1151 1639 meminerimus
1174 1598 1289 1654 quod
1311 1612 1333 1640 a
1355 1598 1490 1640 Pilato
1510 1598 1668 1657 Ioseph
1687 1612 1787 1641 cor-

422 1686 500 1728 pus
528 1668 777 1726 acceperit⁵.
807 1667 955 1710 Nonne
983 1668 1057 1710 tibi
1090 1668 1288 1711 videntur
1311 1668 1460 1726 aquilae
1480 1669 1597 1712 circa
1631 1683 1787 1727 corpus

423 1741 549 1785 Maria
575 1740 798 1797 Cleophae.
822 1747 863 1781 et
886 1738 1012 1781 Maria
1033 1739 1279 1796 Magdalene
1295 1771 1305 1787 ‚
1328 1749 1371 1782 et
1394 1738 1523 1782 Maria
1541 1748 1677 1782 mater
1697 1739 1786 1782 Do-

423 1812 550 1860 mini,
575 1811 962 1869 Apostolorumque
986 1819 1221 1852 conventus
1251 1810 1364 1852 circa
1396 1809 1567 1852 Domini
1594 1810 1787 1867 sepultu-

421 1881 541 1923 ram?
564 1881 714 1924 Nonne
749 1880 824 1923 tibi
856 1880 1054 1922 videntur
1076 1880 1227 1937 aquilae
1259 1881 1372 1922 circa
1405 1895 1585 1938 coi-pus,
1614 1879 1787 1938 quando

423 1953 563 1995 veniet
578 1967 675 1994 cum
694 1951 1030 2009 intelligibilibus
1046 1952 1233 1994 nubibus
1251 1951 1382 1994 Filius
1399 1950 1598 2000 hominis,
1615 1969 1632 1989 ο
1653 1949 1707 1994 Et
1723 1950 1787 1993 vi·

422 2023 569 2066 »debit
585 2038 683 2065 enm
706 2023 843 2064 omnis
866 2022 1032 2070 oculus,
1057 2030 1100 2064 ot
1119 2021 1192 2078 qui
1214 2036 1312 2063 eum
1331 2018 1699 2079 compunxerunt‘
1722 2019 1775 2063 i*-

479 2094 584 2138 LVI.
623 2095 694 2136 Est
717 2093 842 2136 etiam
867 2108 1021 2151 corpus
1044 2095 1097 2136 de
1117 2089 1202 2150 quo
1223 2093 1386 2135 dictum
1419 2101 1484 2135 est
1507 2091 1665 2135 παίζει-ο
1690 2106 1786 2135 mea

418 2185 433 2206 n
449 2181 546 2209 vere
567 2174 630 2208 est
651 2166 792 2214 cibus,
825 2173 889 2206 est
910 2163 1079 2221 sanguis
1102 2178 1221 2206 meus
1241 2178 1340 2205 vere
1357 2171 1420 2205 est
1437 2161 1606 2222 potus’.
1629 2181 1646 2203 ι
1660 2161 1784 2206 Circa

416 2237 499 2280 hoc
521 2251 675 2294 corpus
704 2236 853 2293 aquilae
876 2243 998 2283 sunt,
1025 2248 1120 2291 quae
1144 2233 1219 2276 alis
1247 2233 1559 2276 circumvolant
1592 2223 1786 2292 spiritali-

418 2308 513 2351 bus.
539 2307 648 2351 Sunt
669 2311 712 2349 et
740 2306 853 2349 circa
877 2319 1034 2362 corpus
1057 2304 1207 2361 aquilae
1238 2319 1332 2361 quae
1355 2304 1539 2348 credunt
1561 2302 1711 2347 «lesum
1743 2304 1786 2347 in

421 2393 550 2422 carno
584 2378 746 2420 venisse
755 2393 766 2426 3
806 2375 904 2434 quia
925 2375 1062 2418 omnis
1084 2374 1255 2433 spiritus
1289 2373 1363 2432 qui
1385 2372 1619 2418 confitetur
1635 2372 1784 2419 Jesum

420 2449 637 2493 Christum
657 2447 701 2491 iu
717 2462 846 2491 carne
866 2446 1045 2497 venisse,
1066 2446 1119 2489 de
1139 2445 1229 2489 Deo
1247 2445 1346 2490 esst.
1367 2445 1448 2490 Ubi
1463 2459 1567 2505 ergo
1582 2442 1708 2498 fides,
1726 2444 1785 2488 ibi

464 2582 476 2599 ¹
504 2585 520 2606 2
535 2573 615 2607 cor.
633 2580 679 2610 ix,
700 2572 733 2606 6.
761 2590 801 2598 —
829 2582 843 2598 ·
860 2572 941 2606 Luc.
969 2571 1047 2608 xvii.
1069 2569 1124 2603 36.
1140 2588 1183 2597 —-
1213 2571 1229 2596 ⁸
1261 2569 1350 2604 lbid.
1367 2570 1424 2615 37.
1453 2587 1496 2596 —
1525 2571 1540 2599 ⁴
1567 2568 1652 2604 Pul.
1670 2578 1731 2607 ou.
1752 2569 1784 2601 5.

419 2649 459 2655 —
475 2631 489 2654 ⁸
503 2629 600 2662 «Ioan.
619 2638 689 2665 xix.
700 2626 757 2661 ³8.
772 2645 812 2653 —
826 2628 842 2649 ⁶
859 2629 963 2671 Apoc.
978 2637 1003 2664 ι.
1019 2636 1052 2671 7.
1068 2643 1111 2652 —
1128 2630 1140 2655 ⁷
1159 2625 1210 2659 De
1222 2634 1353 2661 consec.
1374 2623 1451 2659 dist.
1465 2632 1498 2659 a.
1511 2631 1583 2668 up.
1599 2623 1640 2658 ln
1653 2621 1786 2669 quibus.

415 2684 474 2720 Est
488 2684 597 2720 etiam.
615 2687 648 2718 et
659 2678 760 2718 loun.
776 2691 823 2721 vi.
837 2681 894 2716 56.
907 2696 949 2708 -
966 2681 981 2705 ⁰
1001 2691 1015 2717 ι
1032 2679 1134 2716 Joan.
1154 2689 1202 2722 iv,
1215 2690 1248 2725 7.
