1800 3268
419 320 435 349 ι
447 305 502 366 78
966 314 999 342 s.
1038 314 1232 349 aueaosu

414 395 613 445 ultimum
631 385 855 452 proe'mium
872 404 1051 450 regnum
1069 391 1275 440 coelorum
1290 399 1376 436 est:
1396 390 1608 450 numquid
1620 389 1783 448 aequale

413 466 636 526 proemium
659 462 962 524 incipientibus
984 471 1111 521 atque
1134 463 1332 523 perfectis
1354 462 1446 506 est?
1463 461 1524 508 Ne
1541 461 1652 509 sorte
1672 475 1783 519 mys-

413 538 500 582 tice
519 538 728 581 docemur
763 535 862 594 quia
892 543 957 580 est
994 535 1181 595 primum
1217 550 1397 594 regnum
1429 535 1638 584 coelorum
1676 533 1784 577 illud

415 607 726 669 apostolicum:
749 624 766 647 α
790 606 970 651 Dissolvi
997 614 1039 650 et
1076 622 1167 651 csse
1204 620 1306 653 cum
1343 605 1560 651 Christo¹.
1588 623 1606 650 ι
1642 604 1784 655 Habes

414 680 602 741 primum
623 693 804 739 regnum
817 711 829 730 ,
851 677 1023 737 quaudo
1041 678 1176 723 sancti
1193 678 1420 737 rapiuntur
1440 678 1485 727 in
1504 676 1692 728 nubibus
1709 677 1785 720 ob·

412 751 526 797 viam
548 751 719 799 Christo
741 750 785 794 in
804 754 900 795 ae'ra
914 766 927 800 ι
954 749 1079 794 multi
1103 749 1220 795 enim
1246 747 1551 799 dormientium
1577 754 1780 806 surgent:

415 822 484 874 isti
504 822 547 873 in
569 823 697 870 vitam
719 829 950 872 aeternam,
984 821 1044 865 illi
1075 821 1120 868 in
1147 819 1443 880 opprobrium.
1473 819 1785 877 &immerge

413 910 596 956 regnum
617 895 826 942 coelorum
857 893 1014 942 sanctis
1042 893 1310 953 propositum
1343 901 1409 937 est
1440 891 1484 937 iu
1520 890 1787 945 absolutionc

413 966 637 1027 corporis.
664 966 902 1011 secundum
929 979 1108 1024 regnum
1128 967 1336 1010 coelorum
1360 972 1424 1010 est
1451 971 1548 1023 post
1569 975 1786 1026 resurrect

414 1039 576 1091 tionem
599 1052 692 1082 esse
709 1052 810 1081 cum
835 1037 1017 1086 Christo.
1047 1037 1158 1082 Cum
1175 1036 1339 1081 fueris
1327 1052 1371 1081 m
1394 1050 1527 1095 regno
1547 1034 1783 1089 coelorum,

415 1117 520 1157 tunc
545 1099 769 1168 processus
798 1117 863 1157 est
893 1108 1197 1153 mansionum.
1217 1107 1296 1152 etsi
1329 1122 1465 1152 unum
1495 1121 1698 1166 regnum,
1721 1102 1788 1154 di.-

415 1196 537 1229 versa
563 1190 707 1225 tamen
737 1179 891 1223 merita
928 1188 1028 1224 sunt
1055 1180 1098 1224 in
1121 1195 1253 1239 regno
1276 1180 1499 1229 coelorum
1522 1178 1629 1223 Post
1645 1191 1789 1225 resun-

417 1251 655 1298 rectionem
689 1259 851 1296 terram
881 1259 1000 1295 tuam
1032 1251 1212 1309 incipies
1240 1251 1459 1310 possidere
1470 1281 1484 1304 ‚
1517 1250 1735 1303 absolutus
1764 1262 1789 1298 a

414 1331 568 1374 morte.
594 1323 670 1367 Ille
699 1322 815 1366 enim
850 1322 919 1366 cui
955 1321 1144 1366 dicitur:
1174 1323 1338 1366 «Terra
1372 1337 1445 1374 es,
1484 1320 1599 1369 etin
1631 1310 1790 1369 terram

417 1393 573 1449 »ibis²,
592 1411 609 1435 ι
633 1406 723 1437 non
749 1392 939 1452 possidet
962 1401 1118 1438 terram
1143 1408 1288 1443 suam;
1310 1407 1398 1436 non
1414 1391 1531 1437 enim
1544 1397 1685 1450 potest
1698 1403 1791 1439 csso

415 1478 650 1526 possessor,
683 1462 756 1521 qui
781 1478 869 1506 non
905 1462 1021 1522 capit
1053 1463 1257 1507 fructum.
1291 1463 1526 1508 Absolutus
1559 1461 1691 1518 igitur
1709 1473 1790 1520 per

417 1535 680 1585 dominicam
702 1547 878 1577 crucem
915 1534 976 1591 (si
999 1542 1142 1578 tamen
1167 1535 1279 1578 intra
1298 1534 1450 1593 jugum
1469 1530 1642 1580 Domini
1662 1529 1791 1586 fueris

419 1606 642 1662 inventus)
676 1604 1014 1648 consolationem
1054 1605 1097 1648 in
1138 1605 1228 1663 ipsa
1268 1603 1534 1664 possessione
1569 1601 1788 1662 reperies:

418 1675 756 1722 consolationem
775 1675 968 1733 sequitur
1001 1676 1255 1726 delectatio.
1289 1675 1623 1723 delectationem
1649 1672 1793 1722 divina

418 1747 649 1804 miseratio.
691 1746 831 1800 Quem
871 1755 1014 1790 autem
1050 1747 1260 1791 Dominus
1295 1747 1539 1798 miseratur,
1565 1753 1610 1795 et
1632 1752 1789 1797 vocat:

419 1818 493 1878 qui
529 1825 721 1867 vocatur,
754 1816 868 1860 videt
900 1826 1125 1866 vocantem
1149 1834 1159 1859 ε
1184 1817 1258 1876 qui
1279 1817 1418 1867 Deum
1440 1815 1618 1867 viderit,
1652 1814 1697 1861 in
1725 1814 1793 1873 jus

422 1890 574 1938 divinae
595 1887 878 1948 generationis
898 1889 1128 1932 assumitur
1148 1904 1158 1933 :
1181 1897 1371 1947 tuncque
1387 1882 1562 1939 demum
1579 1886 1700 1946 quasi
1715 1886 1795 1933 Dei

421 1961 579 2015 Filius.
605 1959 788 2005 coelestis
809 1960 929 2019 regni
957 1960 1113 2005 divitiis
1142 1961 1393 2004 delectatur.
1429 1959 1506 2009 lue
1537 1958 1665 2018 igitur
1685 1956 1796 2009 inci-

424 2033 514 2094 pit,
535 2031 606 2076 hic
623 2031 827 2090 repletur.
850 2031 958 2076 Nam
975 2040 1018 2076 et
1039 2031 1151 2075 intra
1172 2030 1255 2075 hoc
1276 2031 1481 2075 saeculum
1502 2028 1658 2075 multi
1646 2043 1690 2072 ιιι
1710 2028 1795 2079 im,-

423 2105 545 2185 perio
572 2104 768 2150 Romano
807 2112 935 2147 sunt.
964 2104 1040 2148 sed
1070 2102 1279 2161 majorem
1314 2101 1485 2161 imperii
1506 2100 1688 2160 gratiam
1720 2098 1795 2159 qui

423 2190 647 2237 propiores
663 2174 909 2233 imperatori
926 2183 1052 2226 suut
1074 2181 1414 2231 consequuntur.
1468 2183 1470 2185 ’

488 2247 617 2293 LXII
655 2246 779 2291 Nunc
802 2245 993 2289 dicamus
1016 2242 1416 2303 quemadmodum
1403 2258 1446 2287 ιιι
1462 2251 1648 2302 quatuor
1666 2220 1794 2292 hene-

430 2316 689 2363 dictionibus
722 2324 893 2360 sanctus
914 2316 1051 2361 Lucas
1075 2315 1395 2360 benedictiones
1417 2315 1472 2359 sit
1488 2322 1588 2359 octo
1609 2313 1794 2372 comple-

429 2406 520 2438 xus.
555 2389 608 2433 Et
633 2388 806 2446 quidem
831 2388 989 2432 scimus
1010 2388 1187 2431 virtutes
1208 2402 1299 2430 esse
1324 2394 1509 2444 quatuor
1529 2385 1790 2432 cardinales,

428 2460 778 2522 temperantiam,
799 2459 1019 2518 justitiam,
1045 2459 1334 2519 prudentiam,
1369 2458 1682 2506 fortitudinem·
1707 2453 1792 2508 Qui

427 2547 592 2594 pauper
613 2539 678 2575 est
696 2531 872 2589 spiritu,
898 2545 1049 2574 avarus
1071 2545 1156 2573 non
1182 2538 1258 2573 cst.
1297 2529 1383 2582 Qui
1408 2529 1507 2581 flet,
1539 2542 1626 2572 non
1652 2540 1791 2585 super·

427 2604 494 2655 hit
512 2617 523 2647 ι
543 2603 619 2648 sed
637 2600 752 2645 mitis
767 2607 832 2646 est
850 2605 895 2645 et
914 2610 1103 2661 pacatus.
1133 2601 1218 2655 Qui
1244 2602 1382 2660 luget,
1411 2599 1678 2650 humiliatur·
1700 2594 1790 2652 ,Qui

474 2699 486 2722 ¹
506 2693 630 2739 Philip.
644 2702 672 2735 ι,
690 2692 743 2727 23.
759 2710 800 2727 ·-.-
818 2701 832 2720 ¹
850 2692 939 2731 Gen.
957 2703 1016 2734 ιιι,
1037 2703 1086 2737 ¹9·
