1846 3262
391 292 472 333 250
936 307 967 336 s.
1008 307 1200 338 sunnosn

385 382 602 441 eliguntur
618 383 691 447 qui
711 385 989 435 ascenderent
1012 395 1226 438 montem;
1251 386 1348 445 quia
1364 396 1409 438 et
1426 387 1511 438 due
1527 376 1746 448 eliguntur

386 452 573 513 quicum
591 454 775 501 Domino
792 457 1050 504 viderentur.
1073 457 1279 516 Utrinque
1304 467 1494 507 sacratus
1524 473 1745 511 numerus.

387 523 440 570 Et
466 523 548 567 hoe
571 522 745 573 sortasse
767 536 990 588 propterea
1006 561 1018 579 ,
1046 528 1146 587 quia
1168 543 1295 574 nemo
1318 537 1458 589 potest
1477 529 1752 587 resurrectio·

386 594 650 654 nisgloriam
681 598 844 652 videre,
874 599 954 650 nisi
983 600 1055 658 qui
1085 600 1298 660 integrum
1329 599 1580 658 mysterium
1610 598 1754 649 Trini-

385 666 482 717 tatis
497 666 743 727 incorrupta
757 667 855 719 fidei
869 669 1112 721 sinceritate
1122 670 1364 721 servaverit.
1378 670 1527 716 Petrus
1542 670 1753 723 ascendit.

389 736 460 797 qui
498 738 636 789 claves
676 739 795 801 regni
840 741 1046 791 coelorum
1083 739 1276 799 accepit*
1301 756 1311 784 ι
1342 739 1532 792 ‘Ioannes
1553 755 1756 804 quoque.

387 806 457 849 cui
488 808 773 858 committitur
808 809 979 860 Domini
1027 810 1217 860 mater²z
1245 810 1435 861 «Iacobus
1477 810 1606 859 etiam
1627 843 1643 865 ,
1682 811 1761 872 qui¹

387 876 551 935 primus
576 878 730 923 solium
753 882 1017 928 sacerdotale
1039 881 1291 925 conscendit
1317 880 1428 940 (59).

446 947 503 996 X.
526 948 630 998 Inde
647 959 852 1010 apparent
866 950 1034 1011 Moyses
1050 959 1094 996 et
1119 952 1248 1001 Elias,
1265 951 1349 995 hoc
1370 958 1450 1002 est.
1475 949 1563 998 Lex
1583 958 1627 995 et
1656 963 1758 1012 pro-

388 1018 531 1078 phetia
548 1035 648 1065 cum
663 1020 840 1071 Verbo³3
859 1037 999 1081 neque
1010 1019 1125 1069 enim
1142 1023 1229 1067 Lex
1238 1031 1476 1080 potestesse
1485 1021 1576 1072 siue
1585 1020 1755 1069 Verbm

392 1105 531 1149 neque
547 1091 780 1150 Propheta,
806 1092 887 1137 nisi
907 1091 980 1151 qui
1002 1093 1055 1136 de
1075 1093 1154 1136 Dei
1174 1092 1284 1136 Filio
1304 1091 1586 1153 prophetarit.
1620 1090 1675 1141 Et
1699 1091 1761 1138 illi

393 1160 566 1218 quidem
596 1160 670 1208 filii
697 1162 895 1206 Tonitrui
913 1162 1125 1221 corporali
1155 1162 1289 1220 gloria
1319 1162 1494 1220 Moysen
1518 1175 1690 1221 quoque
1718 1168 1762 1208 et

393 1230 528 1277 Eliam
556 1232 763 1291 speculati
794 1241 924 1277 sunt:
954 1234 1030 1279 sed
1061 1232 1190 1279 etiam
1229 1246 1307 1275 nos
1338 1228 1529 1290 quotidie
1568 1230 1761 1279 videmus

391 1302 564 1360 Moysen
585 1317 683 1346 cum
706 1302 784 1347 Dei
804 1302 936 1353 Filio;
971 1302 1165 1348 videmus
1191 1301 1306 1346 enim
1327 1301 1485 1360 Legem
1508 1300 1552 1349 in
1573 1299 1764 1360 Evange·

393 1373 451 1419 lio
475 1389 574 1420 cum
597 1374 777 1431 legimus
798 1388 807 1416 :
825 1391 840 1413 α
858 1372 1015 1432 Diliges
1042 1372 1276 1418 Dominum
1309 1372 1448 1416 Deum
1471 1368 1637 1415 tuum⁸.
1655 1389 1673 1411 ο
1691 1366 1763 1414 vi-

396 1443 545 1490 demus
572 1444 709 1492 Eliam
747 1459 845 1491 cum
881 1443 960 1487 Dei
1001 1443 1165 1493 Verbo,
1199 1457 1298 1487 eum
1331 1441 1570 1501 Legimus:
1605 1458 1623 1487 ι.
1649 1440 1764 1489 Eece

395 1513 552 1573 »Virgo
568 1514 611 1563 in
629 1522 751 1563 utero
768 1513 993 1572 accipiet⁵.
1017 1532 1033 1553 ι»
1047 1514 1170 1562 Unde
1182 1513 1290 1557 bene
1301 1513 1437 1560 Lucas
1456 1511 1639 1564 addidit,
1664 1510 1764 1574 quia

463 1602 479 1623 «
500 1584 709 1633 Dicebant
744 1598 965 1633 excessum
998 1583 1092 1642 ejus
1130 1598 1260 1642 quem
1285 1583 1578 1641 completurus
1600 1588 1692 1629 erat
1721 1580 1765 1630 in

398 1652 707 1702 »Jerusalem⁶.
735 1671 752 1694 s

454 1725 532 1774 Xt.
568 1726 735 1777 Doceat
756 1725 870 1770 enim
887 1733 928 1768 te
945 1726 997 1768 de
1014 1739 1191 1770 excessu
1210 1724 1303 1785 ejus
1325 1722 1538 1783 mysteria.
1564 1722 1619 1770 Et
1637 1721 1767 1771 hodie

395 1797 561 1856 Moyses
579 1797 726 1848 docet,
747 1805 790 1840 et
806 1795 935 1843 hodie
959 1796 1071 1839 Elias
1093 1796 1299 1855 loquitur,
1318 1803 1361 1837 et
1382 1793 1510 1840 hodie
1536 1793 1579 1839 in
1602 1791 1768 1852 majore

397 1868 531 1928 gloria
556 1867 700 1911 videre
722 1882 947 1929 possumus
975 1868 1165 1926 Moysen.
1198 1866 1306 1920 Quis
1333 1865 1447 1915 enim
1475 1878 1563 1912 non
1604 1870 1766 1922 potest,

397 1940 570 1998 quaudo
600 1949 642 1986 et
669 1940 853 1999 populus
883 1940 1131 1986 Judaeorum
1165 1953 1265 1983 eum
1301 1937 1444 1982 videre
1475 1935 1638 1996 potuit,
1660 1930 1664 1934 ⁴
1683 1935 1769 1985 imo

398 2010 539 2056 vidit?
563 2009 678 2055 Vidit
699 2011 813 2056 euim
842 2010 884 2055 in
917 2010 1049 2068 gloria
1080 2009 1233 2055 i'aeiem
1268 2008 1434 2066 Moysi:
1467 2008 1543 2053 sed
1573 2007 1771 2056 velamen*

403 2081 591 2140 accepit.
616 2081 692 2127 sed
714 2081 756 2129 in
777 2089 969 2130 montem
1001 2096 1086 2124 non
1124 2079 1358 2129 ascendw.
1385 2079 1438 2122 Et
1464 2077 1559 2123 ideo
1585 2076 1772 2128 erravit.

402 2150 499 2211 quia
521 2151 659 2196 solum
681 2150 854 2209 Moysen
876 2151 1000 2199 vidit,
1031 2151 1110 2195 Dei
1135 2149 1326 2197 Verbum
1355 2148 1483 2193 simul
1512 2148 1656 2198 videro
1681 2161 1770 2197 nott

403 2220 556 2281 potuit.
1446 2280 1449 2283 Ι

462 2292 558 2337 XII.
594 2291 847 2337 Revelemus
868 2291 996 2351 igitur
1017 2305 1093 2335 nos
1110 2289 1261 2336 faciem
1279 2298 1466 2337 nostram
1484 2305 1495 2338 ς
1521 2298 1568 2336 ιιι
1587 2289 1772 2339 revellit

404 2363 512 2409 facie
541 2363 718 2421 gloriam
750 2363 826 2411 Dei
853 2363 1145 2422 speculantes.
1171 2361 1213 2406 in
1241 2363 1437 2407 eamdem
1460 2360 1688 2419 imaginem
1709 2374 1772 2407 re-

404 2433 650 2481 formemur.
700 2434 992 2479 Ascendamus
1027 2431 1068 2478 in
1106 2439 1295 2478 montem
1316 2464 1328 2482 ,
1374 2432 1654 2490 deprecemur
1693 2429 1773 2479 Dei

406 2500 622 2553 Verbum5
643 2497 748 2546 ut'in
766 2503 907 2561 specie
923 2512 965 2546 et
982 2488 1299 2562 pulcfiritudine
1321 2517 1395 2545 sua
1413 2502 1535 2545 nobis
1551 2508 1770 2563 appareat,

458 2616 466 2631 ¹
492 2606 614 2640 Msuh.
642 2617 719 2646 xvi,
750 2617 798 2650 19.
819 2625 858 2631 —-
883 2617 895 2631 ·
927 2607 1027 2639 Joan.
1058 2616 1130 2646 xix,
1159 2617 1191 2638 a.
1208 2622 1248 2631 -
1268 2605 1282 2629 ⁸
1306 2606 1389 2639 Luc.
1420 2615 1470 2642 u.
1491 2603 1549 2638 So.
1573 2621 1614 2630 -·
1639 2605 1653 2630 ⁴
1670 2602 1774 2637 Beni.

410 2672 457 2701 vi,
477 2662 508 2695 5.
527 2680 567 2687 —
588 2662 601 2684 3
618 2661 694 2694 lsai.
716 2671 773 2699 vn,
791 2660 839 2698 ¹4-
859 2679 900 2686 —
915 2662 930 2683 ⁶
947 2660 1205 2696 Lm.=x.31.-
1226 2658 1356 2692 vnxod.
1378 2669 1495 2697 xxxiv,
1509 2657 1562 2698 30,
1581 2662 1613 2691 el
1630 2667 1700 2702 seq.
