1846 3262
386 270 435 313 27
445 270 466 298 2
496 259 499 261 “
949 265 983 295 s.
1023 265 1215 295 Aunaosn

385 347 497 389 velat
519 344 673 403 quibus
694 343 785 386 vult
802 341 975 393 Filium,
1001 343 1101 387 audi
1120 344 1335 386 dicentem
1358 340 1496 400 ipsum
1515 340 1748 388 Dominum

385 416 532 458 Jesum
555 428 655 457 cum
681 413 875 456 laudaret
899 413 1089 463 Petrum,
1116 412 1232 471 quod
1252 427 1351 455 eum
1374 411 1528 454 Filium
1557 411 1635 456 Dei
1661 427 1752 455 esse

387 484 604 527 consessus
627 484 684 527 sit
703 498 746 525 t«
762 483 917 527 Beatus
939 499 1000 533 es.
1025 482 1174 526 Simon
1197 482 1399 540 Barjona,
1424 482 1522 540 quia
1542 497 1629 525 non
1653 495 1753 526 caro

389 564 462 599 »et
493 554 662 614 sanguis
694 555 897 598 revelavit
933 555 1025 605 tibi,
1061 556 1135 598 sed
1163 554 1287 597 Pater
1315 567 1436 596 meus
1461 553 1534 611 qui
1562 552 1606 596 in
1635 553 1753 597 coelis

391 627 527 671 »est¹.
554 646 570 667 n

444 696 597 740 LXlX.
635 695 837 739 Adhaeret
854 695 921 739 his
939 695 1087 746 lectio,
1106 710 1189 753 qua
1215 702 1488 752 exponuntur
1511 694 1555 738 hi
1581 694 1654 753 qui
1676 695 1757 739 sibi

388 766 618 825 legisperiti
642 764 888 816 videntur²,
924 765 995 823 qui
1026 766 1154 808 verba
1184 764 1306 823 Legis
1333 772 1495 814 tenent.
1528 764 1613 808 vim
1639 765 1759 822 Legis

391 837 586 894 ignorant
602 844 671 879 :et
693 850 745 878 ex
766 835 858 893 ipso
878 834 1018 893 primo
1041 834 1163 892 Legis
1183 834 1370 892 capitulo
1390 835 1516 877 docet
1531 848 1622 878 esse
1637 834 1760 892 Legis

393 907 581 964 ignaros,
604 904 792 964 probans
818 905 936 962 quod
956 904 999 947 in
1025 903 1237 962 principio
1265 904 1406 947 statim
1425 903 1512 947 Lex
1531 912 1575 948 et
1594 903 1761 948 Patrem

397 985 441 1019 et
467 976 625 1021 Filium
651 974 969 1033 praedicaverit,
994 974 1298 1018 incarnationis
1329 989 1499 1032 quoque
1527 973 1764 1018 Dominicae
1791 1012 1798 1019 .

397 1046 710 1089 annuntiaverit
741 1052 1072 1094 sacramentum,
1113 1044 1258 1087 dicens
1281 1044 1496 1101 :tDiliges
1531 1043 1764 1087 Dominum

396 1116 566 1159 »Deum
599 1123 792 1159 tunium.
826 1115 881 1158 Et
908 1114 1054 1173 diliges
1082 1113 1322 1172 proximum
1350 1120 1472 1155 tuum
1495 1113 1607 1156 sicut
1633 1122 1675 1157 te
1700 1113 1766 1172 ip·-

396 1206 413 1227 »
425 1186 561 1229 sum³.
580 1204 597 1227 »

453 1256 590 1302 LXX.
630 1255 750 1299 Unde
779 1255 988 1300 Dominus
1012 1255 1070 1298 ait
1103 1256 1158 1298 ad
1184 1254 1474 1314 legisperitum
1499 1270 1541 1299 e«
1564 1255 1654 1300 Hoc
1685 1255 1766 1305 sac,

397 1335 471 1370 »et
502 1327 614 1371 vives
631 1327 662 1370 ⁴.
684 1344 700 1367 »
719 1325 776 1370 At
804 1326 875 1370 ille
904 1326 976 1384 qui
1003 1325 1186 1369 nesciret
1216 1325 1458 1384 proximum
1487 1341 1641 1376 suum3
1671 1326 1770 1384 quia

400 1411 488 1440 non
524 1396 728 1440 credebat
766 1395 810 1438 in
849 1395 1084 1445 Christum.
1117 1395 1526 1455 respondit:«Quis
1559 1405 1625 1440 est
1651 1411 1772 1440 meus

404 1486 420 1508 n
434 1467 650 1525 proximus
664 1466 682 1509 Ρ
694 1485 710 1507 »
723 1467 871 1524 Itaque
888 1467 960 1524 qui
980 1466 1200 1510 Christum
1213 1467 1366 1517 nescit,
1386 1467 1524 1510 nescit
1539 1475 1582 1510 et
1598 1466 1768 1526 Legem.

403 1539 633 1591 Quomodo
654 1538 769 1581 enim
791 1546 932 1596 potest
957 1538 1067 1581 scire
1085 1538 1261 1596 Legem,
1292 1553 1392 1581 cum
1414 1538 1637 1582 veritatem
1660 1538 1776 1597 igno·

409 1617 489 1658 ret,
512 1623 612 1651 cum
630 1607 718 1652 Lex
738 1607 962 1651 annuntiet
982 1607 1240 1651 veritatem?

479 1694 496 1716 α
510 1677 649 1720 Homo
672 1677 845 1735 quidam
871 1692 923 1720 ex
943 1677 1182 1721 Jerusalem
1209 1677 1498 1721 descendebat
1517 1676 1560 1720 in
1581 1675 1771 1726 Jericho,

407 1766 424 1788 ι»
437 1754 480 1790 et
497 1746 646 1790 incidit
661 1746 704 1789 in
723 1746 951 1790 latrones⁶.
968 1767 984 1787 ι»

471 1815 625 1861 LXXI.
666 1817 719 1860 Ut
738 1832 838 1860 eum
856 1819 1000 1862 locum
1018 1818 1091 1875 qui
1111 1817 1352 1877 propositus
1368 1826 1432 1860 est
1448 1817 1588 1867 nobis,
1612 1815 1777 1875 planius

397 1886 618 1943 possimus
646 1887 888 1937 absolvere,
911 1896 1099 1931 veterem
1127 1887 1308 1931 civitatis
1330 1887 1508 1931 Jericho
1536 1893 1778 1945 repetamus

409 1957 644 2001 historiam.
666 1958 936 2003 Meminimus
955 1958 1098 2015 itaque
1116 1959 1231 2016 quod
1251 1956 1442 2007 Jericho,
1466 1957 1578 2000 sicut
1598 1954 1777 2014 legimus

410 2028 454 2072 in
476 2028 586 2071 libro
607 2028 680 2086 qui
701 2027 948 2071 inscribitur
965 2028 1067 2072 Jesu
1095 2027 1255 2077 Nave⁶,
1279 2042 1431 2086 magna
1459 2027 1606 2070 civitas
1633 2025 1776 2074 suerit,

412 2099 649 2142 muralibus
681 2107 799 2157 septa
830 2094 1080 2156 parietibus,
1116 2114 1210 2156 quae
1241 2113 1327 2141 non
1362 2099 1476 2141 serro
1505 2097 1664 2156 pervia,
1692 2110 1777 2139 non

412 2169 532 2213 arieti
551 2178 694 2228 posset
710 2186 801 2214 esse
822 2170 1094 2228 penetrabilis
1108 2169 1121 2191 ⁷
1140 2170 1207 2212 :in
1227 2185 1275 2212 ea
1291 2168 1439 2213 Rahab
1457 2167 1668 2212 habitasse
1686 2181 1777 2209 me—

412 2240 610 2285 retricem
645 2257 738 2299 quae
765 2242 1055 2300 exploratores
1091 2255 1197 2298 quos
1237 2240 1390 2283 direxit
1422 2241 1560 2290 Jesus,
1588 2237 1777 2296 hospitio

415 2311 594 2369 recepit,
626 2311 803 2354 consilio
834 2311 1046 2360 instruxit,
1081 2310 1395 2369 postulantibus
1432 2309 1596 2352 civibus
1628 2307 1779 2352 abiisse

411 2380 647 2440 respondit,
673 2381 897 2424 abscondit
915 2381 957 2423 in
976 2388 1088 2423 tecto
1105 2388 1173 2423 :et
1194 2389 1241 2423 ut
1261 2396 1306 2423 se
1327 2394 1512 2437 suosque
1530 2376 1647 2421 urbis
1668 2376 1778 2419 exci-

412 2450 482 2493 dio
521 2458 666 2510 posset
695 2451 883 2510 cripere,
920 2465 1100 2494 coccum
1135 2451 1179 2493 in
1206 2450 1391 2494 fenestra
1426 2448 1595 2508 ligavit⁸
1622 2463 1632 2490 :
1658 2446 1776 2490 urbis

459 2563 466 2579 ¹
495 2555 617 2588 Matih.
633 2566 769 2606 xvi,‘17.
783 2574 824 2580 —
849 2564 862 2578 ¹
882 2557 962 2588 Luc.
987 2566 1019 2592 x.
1035 2556 1086 2587 25.
1103 2572 1143 2579 —
1160 2555 1175 2578 ³
1198 2554 1295 2587 Deut.
1316 2564 1360 2591 vi,
1376 2555 1408 2585 5.
1429 2570 1469 2578 —-
1487 2555 1500 2581 ⁴
1515 2552 1593 2585 Luc.
1613 2562 1645 2591 x,
1663 2550 1717 2584 28.
1736 2566 1777 2575 ·-

414 2626 454 2635 --
474 2609 594 2644 ⁶1h3d.
610 2609 662 2644 3⁰.
681 2628 721 2637 -
737 2613 752 2634 ⁶
767 2611 875 2644 Josue.
893 2621 939 2650 vi,
964 2621 992 2644 ι.
1009 2627 1048 2635 -
1068 2615 1079 2639 ⁷
1100 2607 1152 2643 ld.
1170 2619 1205 2645 ιι,
1222 2608 1253 2645 4.
1271 2613 1303 2641 et
1317 2618 1388 2651 seq.
1411 2625 1444 2634 --
1461 2606 1547 2639 ⁸111.
1566 2615 1612 2645 vi,
1626 2615 1679 2638 ao.
