1800 3268
374 267 429 322 94
923 280 957 308 ε.
996 279 1190 310 mutuom

372 364 656 422 exprimatur3
686 359 887 418 quoniam
913 367 957 403 et
989 374 1062 402 rex
1089 359 1129 401 in
1158 357 1235 402 Dei
1263 357 1420 402 virtute
1446 358 1636 407 laetatur,
1664 356 1736 401 ‘cui

372 433 579 491 judicium
594 448 615 474 a
627 432 750 474 Patre
765 445 862 487 rege
880 431 1083 479 defertur,
1098 438 1142 471 et
1153 430 1352 472 sacerdos
1367 437 1431 471 est
1448 428 1489 473 iu
1507 435 1731 478 aeternum,

373 505 606 548 secundum
623 502 737 559 quod
755 501 960 559 scriptum
976 509 1040 543 est
1058 516 1067 543 :
1085 518 1100 539 α
1118 500 1181 543 Tu
1193 515 1237 542 es
1253 501 1450 543 sacerdos
1469 499 1510 542 in
1525 507 1733 543 oeternum

373 594 389 615 ι
404 574 641 616 secundum
659 571 852 615 ordinem
863 569 1223 614 Melchisedecw.
1244 589 1261 609 n
1274 570 1391 613 Bene
1409 570 1538 628 igitur
1554 578 1736 628 uterque

373 643 509 696 tenuit
536 641 692 690 fidem3
726 649 773 684 ut
794 635 1021 684 'Matthaeus
1055 655 1130 697 per
1164 655 1283 696 reges
1318 640 1489 684 ductam
1526 640 1734 699 originem

371 713 689 771 comprobaret,
712 719 755 753 et
776 710 911 753 Lucas
930 726 1004 767 per
1020 711 1260 752 sacerdotes
1283 725 1304 752 a
1329 710 1420 755 Deo
1446 711 1733 768 transmissam

367 786 407 828 in
429 784 644 827 Christum
664 782 814 826 seriem
837 781 1002 839 generis
1025 780 1296 829 deducendo,
1320 780 1579 842 sanctiorem
1600 781 1735 839 ip'sam

370 856 577 913 originem
616 853 864 895 declararet.
899 851 1035 894 simut
1064 851 1103 893 in
1140 851 1221 894 hoc
1251 866 1422 908 quoque
1450 851 1568 897 vituli
1595 849 1734 915 'figura

370 926 585 983 signatur,
613 925 728 981 quod
758 923 916 979 ubique
949 923 1211 965 sacerdotale
1232 921 1481 981 mysterium
1502 931 1625 981 putat
1643 937 1737 965 esso

370 996 637 1051 servandum.

431 1063 548 1109 XIV.
584 1064 670 1108 Nec
711 1063 875 1106 mireris
907 1063 939 1105 si
978 1063 1029 1105 ab
1067 1062 1283 1105 Abraham
1318 1063 1464 1121 plures
1497 1064 1735 1107 secundum

372 1137 533 1180 Lucam
563 1135 854 1180 successiones
880 1150 1014 1191 usque
1044 1137 1096 1177 ad
1126 1135 1343 1178 Christum
1370 1144 1486 1184 sunt,
1513 1135 1736 1194 pauciores

371 1208 607 1248 secundum
620 1205 887 1254 Mattha·um;
903 1221 999 1247 cum
1013 1206 1197 1262 peralias
1210 1221 1411 1263 personas
1419 1205 1735 1264 generationem

370 1277 538 1319 fatearis
559 1292 651 1319 esse
675 1277 897 1319 decursam
915 1291 924 1318 :
943 1285 1080 1333 potest
1099 1277 1214 1318 enim
1237 1275 1392 1322 fierint
1412 1276 1481 1320 alii
1502 1279 1736 1335 lougaevam
1759 1334 1762 1335 ⁷

370 1347 652 1406 transegerint
678 1347 831 1395 vitam,
859 1347 1031 1389 alterius
1058 1362 1158 1389 vero
1181 1347 1464 1404 generationis
1486 1347 1563 1391 viri
1589 1347 1738 1390 imma-

371 1426 466 1460 tura
496 1426 618 1460 aetate
652 1417 912 1459 decesserint
924 1434 935 1467 ς
969 1432 1067 1459 cum
1099 1418 1318 1460 videamus
1349 1420 1590 1476 complures
1613 1432 1735 1462 senes

371 1491 470 1531 cum
501 1489 585 1530 suis
613 1489 840 1546 nepotibus
869 1489 1033 1538 vivere,
1067 1489 1168 1531 alios
1197 1505 1297 1532 vero
1326 1490 1438 1533 viros
1466 1491 1609 1535 statim
1638 1489 1739 1534 filiis

370 1559 489 1602 obire
511 1559 731 1616 susceptis.

437 1631 531 1676 XV.
570 1631 678 1674 Illud
692 1646 861 1688 quoque
880 1631 1138 1681 advertimus
1159 1633 1275 1688 'quod
1292 1641 1465 1676 sanctus
1483 1632 1707 1676 Matthaeus
1721 1666 1733 1684 ,

369 1702 505 1745 Jacob
530 1702 601 1759 qui
624 1700 703 1743 fuit
729 1709 846 1758 pater
871 1701 1045 1759 Joseph,
1067 1701 1198 1744 silium
1226 1702 1398 1745 Mathan
1419 1717 1512 1747 esse
1529 1717 1737 1745 memora·

370 1770 497 1815 verit²
522 1771 685 1815 :Lucas
724 1786 820 1813 vero
855 1772 1010 1830 Joscph
1054 1773 1122 1814 cni
1159 1774 1412 1830 desponsata
1454 1781 1546 1816 erat
1579 1773 1735 1823 Maria,

371 1842 505 1885 filium
538 1843 629 1885 Heli
647 1841 659 1863 ³
682 1857 692 1884 z
715 1842 807 1884 neti
830 1852 970 1884 autem
997 1841 1130 1884 silium
1158 1843 1309 1886 Melchi
1338 1859 1429 1887 esse
1445 1844 1730 1903 descripserit.

371 1911 598 1973 Quomodo
623 1912 746 1954 unius
768 1912 852 1954 duo
879 1919 1034 1970 patres,
1066 1913 1107 1955 id
1131 1923 1211 1962 est,
1240 1914 1334 1956 Heli
1356 1922 1403 1956 et·
1418 1914 1590 1958 Jacob?
1605 1914 1736 1967 'Quo-

367 1985 495 2026 modo
525 1984 651 2025 ctiam
677 1985 762 2025 duo
791 1984 958 2040 paterni
989 1984 1071 2031 avi,
1097 1985 1266 2027 Mathan
1298 1992 1341 2027 et
1371 1985 1559 2029 melchi?
1586 1986 1673 2030 Sed
1700 1984 1736 2029 si

368 2069 467 2097 vere
496 2053 648 2111 quaeris
664 2085 674 2104 ‚
704 2053 891 2095 invenies
912 2054 1027 2110 quod
1045 2053 1161 2111 juxta
1187 2056 1479 2113 praescriptum
1501 2057 1606 2115 legis
1625 2066 1736 2102 vete·

370 2124 427 2166 ris
451 2123 533 2166 duo
560 2123 709 2164 fratres
734 2122 919 2165 diversos
943 2122 1052 2165 filios
1075 2125 1265 2167 uterinos
1291 2141 1342 2169 ex
1366 2142 1447 2169 una
1466 2143 1596 2170 uxore
1611 2140 1739 2186 gene·

371 2192 596 2236 raverintffi
628 2193 830 2235 Traditur
855 2193 966 2235 enim
995 2195 1182 2240 Mathan.
1213 2196 1283 2252 qni
1310 2211 1331 2238 a
1353 2196 1580 2240 Salomone
1602 2190 1735 2255 genus

372 2265 506 2315 duxit,
528 2265 657 2306 Jacob
684 2279 905 2322 generasse
930 2263 1079 2313 filium,
1099 2274 1140 2307 et
1165 2282 1294 2308 uxore
1314 2268 1557 2325 superstite.
1587 2270 1735 2312 deces-

369 2336 487 2386 sisse,
511 2350 637 2392 quam
663 2344 806 2392 postea
826 2334 977 2377 Melchi
1009 2337 1174 2393 accepit
1209 2353 1399 2387 uxorem,
1434 2354 1485 2381 ex
1507 2354 1590 2397 qua
1611 2354 1735 2398 gene·

368 2414 484 2448 ratus
516 2413 581 2447 est
611 2405 890 2448 Heli:rursus
920 2406 1012 2448 Heli
1045 2406 1172 2449 fratre
1194 2408 1283 2449 sine
1306 2409 1449 2452 liberis
1474 2411 1731 2461 decedente.

371 2477 594 2535 copulatus
609 2483 678 2518 cst
695 2476 835 2518 fratris
860 2476 996 2526 uxori,
1019 2485 1062 2519 et
1081 2479 1297 2535 generavit
1314 2478 1448 2522 filium
1463 2480 1644 2538 «Ioseph,
1659 2481 1734 2538 qui

413 2590 421 2605 ¹
442 2581 527 2614 Psoi·
544 2590 611 2618 eux,
629 2579 660 2618 4.
678 2598 720 2604 -
732 2588 746 2604 ·
762 2580 882 2613 nauh.
902 2592 924 2614 ι.
946 2581 998 2613 15.
1011 2598 1054 2606 -
1068 2582 1084 2605 ³
1102 2582 1182 2615 Luc.
1197 2593 1248 2620 nn.
1276 2582 1330 2621 ²4·
1348 2602 1389 2609 —
1406 2586 1421 2613 ⁴
1435 2585 1536 2619 Deut.
1554 2593 1632 2624 xxv,
1649 2585 1682 2623 5,
1701 2587 1735 2618 et

362 2633 483 2668 Euseb.
497 2635 581 2668 cm.
594 2633 685 2668 Ecct.
698 2633 776 2667 hist.
793 2633 852 2667 lib.
871 2645 898 2674 ι,
913 2644 943 2668 c.
960 2646 994 2677 7.
