1800 3268
367 312 419 355 32
916 316 948 346 s.
989 311 1183 344 amanosu

367 410 538 447 actuum
564 411 737 443 suorum
762 404 849 439 non
874 394 1006 453 possit
1036 400 1232 452 praestare
1252 382 1639 448 rationemzqni‘in
1662 385 1732 431 ul-

367 472 472 516 timo
496 470 582 528 spei
603 467 738 511 vitalis
759 465 879 509 obitu
906 464 1179 511 constitutus,
1206 476 1351 504 vocem
1374 474 1501 518 quam
1525 451 1728 509 ha'b'e'Bat,

369 540 579 588 amiserit;
605 552 698 596 quae
723 535 945 580 titubantis
977 543 1076 578 actu
1106 532 1298 591 corporis
1321 531 1488 589 siguum
1511 528 1630 573 verbi
1653 518 1732 573 eu-

368 614 455 672 piat
478 611 705 669 explicare,
730 623 816 651 non
838 607 1048 650 verbum?
1071 606 1210 649 Mutus
1234 619 1334 662 crgo
1358 601 1540 662 populus
1560 599 1651 645 siue
1671 615 1735 644 ra-

370 685 500 732 tione,
534 681 623 724 sine
653 680 798 722 verbo.
836 679 923 721 Cur
954 677 1067 719 enim
1102 676 1176 718 tibi
1210 674 1343 733 magis
1369 673 1561 717 videatur
1590 679 1734 716 mutus

365 770 455 798 esse
478 751 548 811 qui
570 765 739 798 sonum,
769 764 897 806 quam
919 748 991 805 qui
1015 746 1265 804 mysterium
1286 744 1453 788 nescit?
1475 743 1528 787 Et
1551 752 1617 788 ost
1637 757 1734 802 pro·

370 824 482 867 secto
519 837 599 864 vox
632 834 827 878 operum,
869 817 1053 875 fideique
1086 819 1263 866 clamor,
1298 815 1410 859 sicut
1444 816 1606 858 lectum
1639 820 1732 857 est:

384 913 400 935 ι(
419 892 596 951 Sanguis
626 890 761 933 fratris
788 888 850 932 tui
879 890 1035 933 clamat
1057 889 1110 931 ad
1135 886 1244 931 me¹.
1267 885 1349 928 »Et
1369 886 1438 928 ille
1458 885 1631 934 clamat.
1663 882 1737 942 qui

374 965 416 1008 in
440 965 569 1008 corde
589 977 665 1004 suo
682 962 837 1003 clamat
861 975 937 1018 per
958 958 1082 1002 diem.
1115 958 1201 1012 Qui
1222 971 1322 1015 ergo
1343 956 1482 1000 cordis
1503 954 1737 999 clamore'm

374 1035 575 1094 perdidit,
608 1031 791 1091 perdidit
817 1030 944 1073 otiam
973 1029 1140 1088 linguae.
1175 1028 1280 1074 Nam
1306 1023 1738 1085 ·quiaefflistinctionem

373 1106 473 1149 fidei
502 1119 586 1147 nou
620 1110 750 1151 tenet,
783 1101 1000 1158 quomodo
1037 1107 1178 1158 potest
1214 1107 1361 1142 tenere
1390 1094 1655 1141 verborum?
1686 1095 1740 1139 Et

374 1185 471 1220 ante
493 1173 664 1232 quidem
689 1172 854 1230 Moyses
877 1171 1039 1214 dixerat
1061 1170 1158 1228 quia
1185 1169 1299 1227 loqui
1324 1183 1410 1212 non
1435 1165 1621 1228 poterat’
1639 1167 1741 1211 :sed

374 1254 649 1306 posteaquam
677 1242 797 1292 dixit,
826 1242 1006 1284 verbum
1039 1241 1219 1299 accepit,
1249 1249 1293 1283 et
1317 1241 1530 1283 bonorum
1561 1253 1740 1297 operum

377 1317 509 1363 edidit
530 1314 778 1359 claritatem.
806 1313 917 1371 Ergo
940 1312 1049 1355 sicut
1073 1311 1239 1370 Moyses
1263 1320 1388 1370 typus
1410 1311 1556 1371 populi
1574 1311 1670 1362 fuit,
1698 1318 1743 1355 et

378 1396 504 1446 typus
521 1384 734 1442 Legis:ita
758 1383 884 1426 etiam
914 1382 1139 1426 Zacharias
1165 1382 1308 1425 tacuit.

433 1455 565 1501 XLu.
602 1453 774 1511 Singula
811 1453 951 1510 itaque
978 1461 1027 1496 ut
1060 1461 1344 1502 concurrant,
1381 1453 1742 1497 considerandum

379 1535 455 1571 est.
484 1523 671 1568 verbum
692 1523 732 1565 in
750 1531 888 1572 utero,
907 1523 994 1565 Lex
1011 1523 1052 1565 in
1069 1523 1249 1566 silentio.
1275 1523 1465 1567 Joannes
1485 1524 1741 1583 appellatur.

381 1605 424 1639 et
453 1593 676 1639 Zacharias
706 1592 909 1649 loquitur.
946 1591 1136 1636 Verbum
1168 1594 1325 1642 editur,
1359 1593 1447 1636 Lex
1477 1593 1739 1636 absolvitur:

380 1668 454 1725 sed
482 1665 604 1723 Legis
645 1663 869 1715 absolutio,
913 1662 1038 1707 Verbi
1076 1672 1140 1706 cst
1174 1664 1412 1723 explicatio.
1450 1663 1505 1707 Et
1540 1664 1635 1707 ideo
1670 1663 1745 1722 qui

382 1736 534 1781 dixerit
560 1735 753 1784 verbum,
772 1733 975 1791 loquitur,
1000 1733 1162 1776 etiamsi
1186 1742 1281 1776 aute
1303 1748 1387 1776 uon
1404 1733 1458 1776 sit
1472 1735 1652 1777 locutus.
1678 1734 1744 1777 Ab

379 1807 541 1865 Angclo
562 1805 736 1863 jubetur
755 1812 894 1847 tacere
910 1803 1154 1855 Zacharias,
1180 1805 1231 1846 ab
1250 1805 1412 1862 Angelo
1433 1819 1512 1847 vox
1536 1805 1745 1863 premitur

380 1877 642 1921 Judaeorum.
674 1875 766 1918 Non
789 1875 902 1917 enim
926 1875 1139 1924 bnamma,
1159 1875 1234 1917 sed
1250 1875 1400 1917 divinoe
1419 1874 1502 1917 hoc
1525 1874 1745 1934 potestatis

383 1948 607 2007 imperium
641 1954 725 1995 est3
761 1955 807 1988 ut
838 1962 922 1988 non
960 1948 1159 2004 loquatur
1190 1947 1295 1995 Deo,
1316 1946 1406 2004 'qui
1441 1961 1527 1989 non
1563 1945 1746 1990 credidit

384 2019 565 2062 Christo.
592 2017 644 2059 Et
666 2017 761 2059 ideo
784 2018 1023 2065 credamus,
1044 2024 1090 2058 ut
1108 2017 1347 2072 loquamur.
1376 2015 1534 2065 Credat
1551 2015 1744 2068 suda-ns.

382 2098 431 2132 nt
455 2089 569 2146 loqui
593 2087 735 2145 possit.
769 2085 1013 2144 Loquamur
1043 2087 1083 2128 in
1113 2086 1263 2144 spiritu
1285 2087 1509 2145 mysteria,
1536 2086 1747 2147 intelliga-

382 2173 479 2204 mus
509 2156 714 2200 rationem
738 2154 1043 2198 sacrificiorum
1074 2165 1285 2205 veterum.
1313 2157 1535 2215 aeuigmata
1567 2158 1746 2218 propho-

383 2237 535 2273 tarum.
555 2228 694 2271 Mutus
720 2236 782 2270 est
804 2228 876 2285 qui
899 2243 983 2270 non
1010 2227 1206 2286 intelligit
1230 2227 1402 2287 Legem,
1422 2239 1568 2273 mutus
1590 2237 1654 2273 est
1673 2229 1746 2288 qui

382 2314 468 2344 non
501 2298 695 2356 inteiligit
722 2298 957 2341 divinarum
987 2299 1137 2341 seriem
1162 2300 1480 2357 scripturarum.
1515 2299 1605 2344 Vox
1631 2300 1745 2344 enim

382 2378 524 2413 nostra
548 2368 650 2411 fides
671 2376 759 2417 est;
789 2377 832 2411 ct
856 2368 950 2411 ideo
966 2387 980 2408 ι
996 2369 1104 2412 Malo
1128 2370 1169 2411 iu
1192 2370 1376 2413 Ecclesia
1401 2371 1592 2429 quinque
1613 2371 1743 2415 verba

385 2449 556 2484 »mente
578 2453 669 2482 mea
692 2439 807 2498 loqui
834 2448 878 2482 ut
902 2440 1005 2483 alios
1031 2440 1259 2493 instruam,
1283 2457 1410 2499 quam
1439 2442 1586 2486 decom
1612 2439 1744 2486 miliia

379 2510 454 2554 nin
482 2510 676 2569 lingua...
699 2509 872 2568 Linguae
895 2509 1007 2554 enim
1031 2510 1071 2553 in
1096 2511 1261 2569 signum
1289 2521 1388 2556 sunt
1418 2528 1503 2556 non
1525 2510 1740 2564 fidelib‘u8‚

428 2632 436 2650 ⁸
460 2625 544 2658 Gen.
573 2636 619 2665 iv,
639 2636 689 2658 10.
712 2644 746 2651 -—
768 2633 779 2648 ²
799 2624 904 2658 Exod.
936 2636 978 2662 iv,
1003 2637 1048 2657 ιο,
