1846 3262
378 288 460 343 186
919 307 953 339 ι.
991 305 1185 338 Aunnosu

371 390 550 435 tribulos
572 401 773 448 generare
793 393 1007 448 proecepta
1023 394 1102 437 est,
1121 387 1306 430 levemus
1327 384 1477 429 oculos
1495 384 1751 444 spir-itales..

371 462 595 506 tendamus
614 474 766 503 manus
783 492 794 510 ‚
818 468 866 503 nt
882 458 1099 503 Christum
1121 457 1381 501 vindemiare
1397 456 1621 516 possimus.
1644 478 1648 482 ·
1704 469 1706 473 ·

428 529 646 576 LXXXII.
685 529 892 575 Omnium
936 538 1078 573 autem
1115 528 1439 571 fundamentum
1478 527 1606 571 decet
1642 534 1738 571 esse

372 601 577 646 virtutum
621 601 909 644 obedientiam
955 599 1191 644 coelestium
1234 605 1546 657 praeceptorum
1566 596 1579 620 ¹
1600 629 1612 647 ,
1659 610 1737 658 por

374 687 500 731 quam
525 673 676 715 domus
697 671 787 715 haec
812 678 955 715 nostra
984 685 1072 713 non
1106 668 1316 729 prolluvio
1337 669 1602 727 voluptatum
1618 698 1629 718 ‚
1649 678 1737 712 non

374 742 573 801 nequitias
594 741 793 801 spiritalis
816 742 1005 792 incursu,
1030 755 1115 784 non
1135 740 1274 784 imbre
1289 740 1508 782 mundano
1518 737 1534 789 ‚⁴
1549 752 1636 782 non
1652 738 1738 783 boe·

375 814 606 858 reticorum
633 814 765 872 possit
781 813 998 857 nebulosis
1021 811 1378 872 disputationibus
1400 805 1674 870 permoveri..

432 883 670 928 LXXXIII.
711 884 895 927 Pulchre
933 892 1075 927 autem
1113 883 1187 926 ubi
1226 890 1439 942 praecepta
1476 881 1707 940 complevit
1723 904 1738 932 ‚-

375 970 548 999 suorum
573 963 885 1015 praeceptorum
915 955 1097 999 formam
1128 954 1280 1012 exequi
1302 954 1450 1002 docet:
1474 967 1574 996 nam
1595 951 1739 997 statim

377 1027 543 1086 gentilis
566 1026 825 1070 centurionis
851 1037 994 1069 servus
1012 1023 1196 1068 Domino
1220 1024 1436 1068 curandus
1457 1022 1676 1073 offertut-²,
1699 1023 1744 1066 in

377 1112 461 1156 quo
494 1097 676 1155 populus
700 1097 949 1146 nationum,
979 1095 1051 1154 qui
1081 1096 1308 1138 mundana:
1330 1094 1544 1138 servitutis
1565 1094 1746 1138 vinculis

377 1167 603 1211 tenebatur
628 1182 739 1225 oeger
757 1167 984 1210 lethalibus
1005 1165 1272 1225 passionibus
1287 1199 1298 1216 ‚
1333 1160 1548 1208 beneficio
1571 1163 1747 1208 Domini

379 1237 590 1281 sanandus
610 1237 875 1296 exprimitur.
899 1237 1027 1291 Quod
1045 1246 1187 1280 autem
1205 1236 1462 1279 moriturum
1483 1234 1611 1284 dixit,
1635 1234 1680 1278 in
1694 1247 1749 1277 eo

380 1308 645 1366 Evangelista
670 1323 755 1351 non
774 1307 943 1357 roseum
963 1308 1196 1351 moriturus
1217 1307 1330 1350 enim
1353 1313 1468 1356 erat,
1492 1305 1574 1349 nisi
1598 1303 1750 1348 fuisset

381 1387 552 1422 sanatus
582 1393 604 1422 a
632 1378 815 1423 Christo.
857 1379 1051 1438 Implevit
1087 1379 1215 1438 igitur
1247 1385 1513 1438 praeceptum
1541 1375 1751 1420 charitate

382 1451 566 1501 coelesti,
596 1443 667 1509 qui
690 1451 750 1494 sic
773 1451 917 1494 dilexit
934 1451 1154 1506 inimicos3
1174 1459 1222 1494 ut
1244 1450 1370 1494 mo‘rti
1393 1449 1599 1509 eriperet,
1623 1453 1751 1507 'atque

386 1523 437 1565 ad
459 1529 675 1580 perpetuae
690 1537 809 1581 spem
833 1522 981 1566 salutis
999 1522 1239 1566 ascisceret.

378 1640 381 1643 ,
442 1592 681 1636 LXXXIV.
720 1592 938 1645 Quantum
962 1601 1102 1636 autem
1126 1594 1278 1637 divinae
1298 1591 1550 1636 humilitatis
1569 1590 1751 1648 insigne.

388 1668 437 1706 ut
467 1663 563 1706 coeli
593 1663 803 1706 Dominus
840 1678 1109 1721 nequaquam
1145 1665 1449 1723 dedignaretur
1485 1659 1755 1706 centurionis

389 1736 601 1778 servulum
618 1734 820 1777 visitare?
840 1734 990 1777 Elucct
1013 1734 1118 1778 fides
1142 1736 1183 1778 in
1205 1735 1405 1794 operibus
1421 1766 1432 1783 ‚
1450 1733 1525 1776 sed
1547 1733 1642 1791 plus
1658 1746 1757 1790 ope-

388 1814 507 1850 ratur
530 1805 770 1848 humanitas
793 1805 836 1847 in
863 1805 1101 1849 affectibus.
1134 1806 1263 1859 Quod
1288 1805 1436 1863 utique
1461 1817 1548 1846 non
1575 1803 1673 1846 ideo
1700 1801 1778 1844 ἠέ
1845 1783 1846 1786 ¹

390 1876 544 1926 ciebat,
569 1875 667 1934 quia
690 1876 840 1919 absens
866 1889 1016 1919 curare
1038 1891 1123 1918 non
1145 1875 1338 1935 poterat³
1364 1890 1375 1918 :
1399 1875 1474 1918 sed
1504 1881 1551 1916 ut
1575 1871 1758 1916 formum

392 1947 468 1991 tibi
490 1948 608 1990 daret
637 1947 852 1990 imitandae
883 1946 1159 1995 humilitatis,
1190 1962 1272 2004 qua
1306 1946 1425 2004 juxta
1458 1942 1758 1995 humilioribus

394 2019 566 2060 doceret
583 2030 632 2060 ac
654 2017 942 2075 superioribus
959 2017 1254 2061 deserendum.
1277 2017 1471 2073 Denique
1489 2014 1599 2058 alibi·
1612 2013 1761 2072 regulo

393 2087 497 2130 dicit
517 2101 527 2129 ε
551 2105 568 2126 ι
592 2086 728 2137 Vade,
754 2086 864 2130 filius
886 2096 985 2130 tuus
1008 2086 1167 2137 vivit⁴3
1194 2105 1210 2128 »
1237 2095 1286 2130 ut
1314 2087 1422 2129 scias
1452 2094 1498 2129 et
1522 2083 1759 2143 potentiam

394 2157 645 2208 divinitatis,
683 2166 725 2200 ot
762 2157 1014 2201 humilitatis
1052 2158 1244 2216 gratiam.
1282 2158 1347 2200 Ibi
1373 2155 1512 2200 noluit
1542 2166 1759 2214 pergeret

393 2243 448 2271 ne
471 2227 512 2270 in
534 2228 669 2286 reguli
691 2227 779 2271 filio
809 2229 1025 2272 viderctur
1055 2229 1189 2287 magis
1226 2227 1381 2271 divitiis
1411 2226 1614 2271 detulisse
1642 2240 1654 2269 ε
1690 2225 1762 2270 hie

393 2298 483 2357 ipse
508 2299 713 2356 perrexit,
740 2314 794 2342 ne
822 2300 1037 2343 videretur
1067 2299 1110 2342 in
1138 2298 1400 2342 centurionis
1431 2298 1592 2341 famulo
1617 2295 1763 2340 condi·

395 2368 555 2411 tionem
577 2369 816 2427 despexisse
835 2370 1030 2414 servilem
1047 2385 1057 2419 ς
1083 2384 1231 2414 omnes
1247 2370 1383 2420 enim,
1403 2374 1550 2413 servus
1571 2376 1615 2412 et
1633 2366 1761 2417 libor,
1820 2362 1823 2364 μ

396 2438 440 2481 in
459 2438 628 2482 Christo
650 2454 782 2483 unum
802 2456 962 2485 sumus.

453 2508 668 2554 LXXXV.
708 2511 793 2556 sed
810 2513 903 2556 vide
919 2511 1050 2557 fidem
1072 2512 1395 2572 praerogativam
1412 2524 1504 2555 esse
1520 2507 1759 2554 medicinae.

447 2607 563 2698 ¹⁵Lur.
587 2623 648 2651 vr,
675 2612 731 2652 46.
756 2632 796 2640 —
823 2625 834 2639 ¹
864 2614 915 2648 ld.
945 2626 1016 2654 vu,
1044 2627 1074 2656 ι,
1100 2622 1133 2650 et
1160 2626 1229 2660 seq.
1254 2633 1295 2642 —
1324 2616 1337 2641 ³
1368 2607 1459 2650 thid.
1483 2614 1518 2650 6.
1543 2631 1585 2640 —
1621 2613 1636 2640 ⁴
1665 2607 1764 2646 Jon'n.

399 2676 447 2707 iv,
484 2676 518 2700 ο.
