1846 3262
395 288 484 342 444
691 320 694 324 -
715 300 721 304 ’
951 301 983 329 s.
1023 301 1220 331 Aunnosu

395 387 505 422 esset
525 392 654 422 omne
674 378 927 432 mysterium
943 412 954 429 ‚
983 387 1028 422 et
1055 380 1273 424 exhaustis
1304 379 1506 424 omnibus
1525 380 1660 431 vitiis,
1685 380 1769 425 im-

399 448 669 491 mortalitatis
692 450 777 490 sola
801 449 943 491 laetitia
967 450 1249 493 remansisset.
1276 450 1328 493 Et
1347 450 1443 493 ideo
1468 451 1525 494 ait
1545 438 1573 494 :⁴

467 538 483 559 ι
501 520 546 561 ln
562 534 712 562 manus
730 528 838 570 tuns,
854 520 1046 570 Domine,
1065 523 1321 565 commendo
1336 522 1528 580 spiritum
1542 522 1729 566 meum&
1742 542 1757 562 ιι

459 590 655 633 CXXVI.
690 590 742 632 Et
769 591 878 633 bene
909 593 1237 635 commendatur
1257 593 1458 652 spiritus,
1490 593 1561 651 qui
1585 608 1770 637 reserva-

397 670 490 710 tur;
516 662 632 719 quod
653 661 767 704 enim
791 664 1135 713 commendatur,
1160 663 1307 720 utique
1331 679 1414 706 non
1433 663 1656 707 amittitur.
1685 663 1768 707 Bo-

403 746 506 774 num
538 747 640 790 ergo
674 732 826 791 pignus
861 742 926 776 cst
956 733 1153 792 spiritus,
1176 734 1337 776 honum
1362 733 1619 792 depositum.
1651 733 1774 777 Unde

405 811 447 844 et
465 801 552 844 iltic
575 802 632 844 ait
655 817 664 844 ε
690 821 705 841 α
724 803 761 846 Ο
777 803 1027 853 Timotheo.
1056 805 1219 846 honum
1242 804 1483 862 depositum
1507 803 1720 847 custodi&
1746 822 1763 843 ι

409 871 749 916 Commendatur
767 874 880 916 enim
897 873 1229 931 Patri‘spiritus3
1253 883 1295 916 et
1317 874 1412 916 ideo
1430 873 1512 916 ait:
1527 891 1544 913 ι
1557 873 1775 927 Quoniam

412 962 425 981 o
443 958 527 985 non
550 945 820 1001 derelinques
845 945 887 986 in
917 945 1084 987 inferno
1119 945 1304 987 animam
1334 943 1519 987 meam‘.
1544 962 1560 984 ι
1576 943 1683 987 Vide
1704 958 1778 986 au-

410 1020 497 1055 tem
521 1028 723 1070 magnnm
754 1014 1020 1072 mysterium.
1052 1013 1174 1058 Nunc
1212 1014 1488 1057 commendat
1517 1013 1560 1056 in
1581 1012 1781 1055 manibus

412 1083 546 1126 Patris
567 1085 763 1141 spiritum
793 1100 939 1133 suum,
966 1100 1080 1126 nunc
1108 1085 1148 1126 in
1171 1085 1305 1127 Patris
1326 1084 1491 1141 gremio
1512 1085 1658 1132 sedem
1684 1084 1783 1142 quia

415 1162 552 1196 totum
571 1155 677 1198 alius
704 1170 789 1198 non
812 1155 927 1214 capit
949 1155 1181 1199 Christum.
1212 1155 1406 1212 Denique
1427 1170 1438 1197 ε
1462 1172 1478 1194 ι
1498 1154 1604 1213 Ego,
1628 1154 1783 1212 inquit.

418 1225 673 1274 »in‘Patre.
705 1236 748 1270 et
781 1229 905 1270 Pater
938 1227 980 1269 in
1013 1226 1126 1270 me‘.
1150 1245 1166 1267 »
1193 1225 1533 1269 commendatur
1548 1239 1651 1283 ergo
1675 1225 1788 1269 Patri

418 1295 602 1355 spiritum.
631 1297 715 1340 Sed
734 1313 831 1341 cum
852 1299 906 1341 sit
929 1298 970 1340 in
989 1297 1298 1356 superioribus,
1316 1295 1528 1339 illuminat
1543 1304 1583 1338 et
1607 1295 1787 1343 inferna.

418 1374 466 1408 nt
507 1367 701 1410 universa
735 1367 1027 1418 redimantun
1058 1368 1218 1411 etenim
1252 1367 1448 1410 Christus
1470 1365 1636 1415 omnia,
1675 1374 1718 1408 et
1747 1366 1791 1407 in

424 1434 594 1479 Christo
612 1437 800 1488 omnia⁵,
828 1438 930 1481 licet
955 1438 996 1480 in
1023 1438 1199 1495 singulis
1223 1436 1419 1480 Christus
1439 1444 1654 1494 operetur.
1680 1434 1792 1478 Caro

424 1506 622 1557 moritur,
643 1516 689 1550 ut
706 1517 899 1566 resurgat
920 1524 930 1550 t
950 1508 1125 1567 spiritus
1146 1509 1259 1552 Patri
1276 1508 1622 1554 commendatur.
1645 1513 1693 1549 ut
1711 1520 1798 1549 coe·

427 1577 547 1620 lestia
581 1593 752 1636 quoqne
785 1579 839 1621 ab
873 1579 1105 1637 iniquitatis
1137 1579 1310 1622 vinculo
1344 1579 1628 1627 soh-eremum
1652 1585 1697 1620 et
1714 1590 1797 1636 pax

429 1644 551 1690 fieret
571 1648 614 1690 in
635 1650 770 1699 caelo,
788 1663 917 1706 quam
936 1657 1102 1692 terrena
1120 1657 1416 1706 sequerentur.

503 1734 519 1756 ι
536 1717 588 1759 Et
614 1717 696 1761 hoc
720 1718 859 1768 dicto,
889 1719 1065 1762 tradidit
1087 1718 1328 1777 spiritum⁶.
1352 1737 1369 1758 ι

493 1787 708 1832 CXXVII.
746 1789 799 1833 Et
828 1789 938 1832 bene
959 1808 976 1830 c
992 1789 1188 1833 Tradidit
1203 1821 1215 1840 ,
1237 1808 1254 1830 ι
1276 1790 1348 1848 qui
1375 1806 1462 1835 non
1496 1789 1653 1835 invitus
1675 1786 1802 1847 spiri-

433 1867 523 1902 tum
549 1859 700 1902 emisit.
723 1859 919 1918 Denique
940 1859 1162 1904 Mattbaeus
1189 1860 1246 1903 ait
1266 1874 1278 1904 ι
1302 1879 1319 1900 ι
1335 1860 1486 1905 Emisit
1501 1859 1700 1920 spiritum
1715 1856 1755 1907 ⁷3
1775 1873 1792 1897 ι

435 1929 552 1987 qnod
581 1927 696 1972 enim
726 1930 952 1980 emittitur,
982 1931 1271 1974 voluntarium
1300 1940 1396 1975 est:
1419 1932 1536 1990 quod
1569 1924 1804 1977 amittitur.

436 1999 739 2042 necessarium.
769 1999 1000 2057 Propterea
1031 2000 1226 2044 addidit:
1251 2018 1267 2040 α
1285 2000 1434 2060 Magna
1456 2015 1574 2043 voce.
1608 2017 1626 2040 ι
1651 1999 1698 2041 In
1721 2009 1807 2055 quo

439 2070 506 2111 vel
549 2068 753 2127 professio
793 2071 974 2127 gloriosa
1018 2085 1154 2128 usque
1190 2072 1244 2114 ad
1273 2080 1454 2114 mortem
1477 2085 1525 2113 se
1543 2084 1622 2128 pro
1655 2065 1810 2110 nostris

442 2139 712 2183 descendisse
726 2141 915 2199 peccatis
932 2142 1056 2199 (ergo
1078 2155 1157 2184 nec
1180 2156 1258 2197 ego
1281 2141 1533 2184 erubescam
1555 2138 1675 2182 fater-i
1695 2137 1813 2195 quod

443 2210 637 2253 Christus
666 2226 751 2253 non
782 2212 956 2253 erubuit
989 2227 1093 2254 voce
1131 2225 1284 2269 magna
1303 2210 1520 2269 profiteri)
1548 2210 1616 2252 vel
1638 2208 1812 2252 evidens

443 2281 730 2324 manifestatio
761 2282 1039 2325 contestantis
1071 2282 1149 2324 Dei
1182 2282 1466 2324 secessionem
1502 2278 1734 2324 divinitatis
1771 2286 1815 2320 ot

446 2352 638 2410 corporis
675 2353 788 2411 (68).
828 2353 898 2396 Sic
932 2353 1046 2396 enim
1081 2353 1241 2396 habes:
1269 2371 1283 2391 ι
1307 2352 1517 2409 (ΣΙριηενῐῑ
1546 2353 1669 2394 Jesus
1709 2362 1816 2391 voce

450 2436 633 2480 »magna
657 2422 803 2466 dicens
823 2438 834 2465 ε
852 2423 991 2472 Deus,
1015 2424 1129 2467 Deus
1151 2438 1296 2473 meus,
1315 2423 1480 2482 respice
1502 2422 1544 2466 in
1563 2436 1633 2464 me
1651 2434 1662 2463 :
1685 2434 1818 2477 qnare

453 2511 469 2531 ι
481 2506 552 2536 me
567 2493 830 2551 dereliquisti
842 2493 892 2539 ⁸?
908 2514 924 2536 n
939 2494 1148 2538 Clamavit
1159 2495 1288 2537 homo
1304 2490 1819 2551 Divinitatisseparatione

499 2605 507 2619 ¹
528 2596 607 2629 Luc.
630 2608 711 2634 xxu,
727 2598 783 2636 46.
802 2617 843 2624 —
861 2608 875 2623 ²
898 2609 915 2631 2
934 2598 1022 2632 Tim.
1042 2609 1064 2637 ι,
1085 2598 1133 2637 14.
1152 2617 1192 2624 -
1210 2600 1224 2623 ³
1242 2598 1321 2632 Psal.
1342 2609 1393 2635 xv.
1413 2609 1461 2631 ιο.
1479 2614 1516 2622 -
1539 2598 1553 2624 ⁴
1568 2594 1666 2629 Σοου.
1681 2602 1750 2634 xlv.
1770 2602 1820 2626 ¹0-

449 2667 489 2674 —
507 2652 519 2675 ⁵
539 2650 664 2688 coloss.
686 2662 738 2692 ιιι,
758 2664 787 2686 a.
806 2671 846 2679 —
863 2655 879 2677 ⁶
897 2653 974 2687 Luc.
997 2664 1077 2690 nn,
1091 2653 1221 2692 46.-1
1243 2653 1365 2687 Matth.
1382 2662 1484 2690 nvn,
1505 2651 1560 2684 5ο.
1574 2665 1615 2676 -
1631 2650 1644 2671 ⁸
1663 2645 1751 2682 thid.
1764 2646 1819 2685 46.
