<?xml version="1.0" encoding="UTF-8"?>
<!DOCTYPE html PUBLIC "-//W3C//DTD XHTML 1.0 Transitional//EN"
    "http://www.w3.org/TR/xhtml1/DTD/xhtml1-transitional.dtd">
<html xmlns="http://www.w3.org/1999/xhtml" xml:lang="en" lang="en">
 <head>
  <title>
</title>
<meta http-equiv="Content-Type" content="text/html;charset=utf-8" />
  <meta name='ocr-system' content='tesseract 3.04.00' />
  <meta name='ocr-capabilities' content='ocr_page ocr_carea ocr_par ocr_line ocrx_word'/>
</head>
<body>
  <div class='ocr_page' id='page_1' title='image "./omniaequaeextant05ambruoft_0134.png"; bbox 0 0 1800 3268; ppageno 0'>
   <div class='ocr_carea' id='block_1_1' title="bbox 380 270 1190 320">
    <p class='ocr_par' dir='ltr' id='par_1_1' title="bbox 380 270 1190 320">
     <span class='ocr_line' id='line_1_1' title="bbox 380 270 1190 320; baseline 0.002 -11"><span class='ocrx_word' id='word_1_1' title='bbox 380 284 393 309; x_wconf 77' lang='grc' dir='ltr'>ι</span> <span class='ocrx_word' id='word_1_2' title='bbox 407 270 459 320; x_wconf 72' lang='lat'>24</span> <span class='ocrx_word' id='word_1_3' title='bbox 923 283 954 310; x_wconf 88' lang='lat' dir='ltr'>s.</span> <span class='ocrx_word' id='word_1_4' title='bbox 995 281 1190 311; x_wconf 68' lang='lat' dir='ltr'>Ammmsu</span> 
     </span>
    </p>
   </div>
   <div class='ocr_carea' id='block_1_2' title="bbox 365 358 1800 2531">
    <p class='ocr_par' dir='ltr' id='par_1_2' title="bbox 365 358 1747 1108">
     <span class='ocr_line' id='line_1_2' title="bbox 371 358 1738 409; baseline 0.002 -9"><span class='ocrx_word' id='word_1_5' title='bbox 371 359 586 401; x_wconf 77' lang='lat' dir='ltr'>Christum</span> <span class='ocrx_word' id='word_1_6' title='bbox 613 359 653 400; x_wconf 92' lang='lat' dir='ltr'>in</span> <span class='ocrx_word' id='word_1_7' title='bbox 678 371 806 401; x_wconf 87' lang='lat' dir='ltr'>carne</span> <span class='ocrx_word' id='word_1_8' title='bbox 829 358 991 402; x_wconf 78' lang='lat' dir='ltr'>venisse</span> <span class='ocrx_word' id='word_1_9' title='bbox 1011 359 1046 409; x_wconf 78' lang='lat'>⁸,</span> <span class='ocrx_word' id='word_1_10' title='bbox 1073 361 1125 402; x_wconf 85' lang='lat' dir='ltr'>de</span> <span class='ocrx_word' id='word_1_11' title='bbox 1145 360 1237 403; x_wconf 90' lang='lat' dir='ltr'>Deo</span> <span class='ocrx_word' id='word_1_12' title='bbox 1268 374 1352 407; x_wconf 85' lang='lat' dir='ltr'>non</span> <span class='ocrx_word' id='word_1_13' title='bbox 1375 369 1450 404; x_wconf 87' lang='lat' dir='ltr'>ost.</span> <span class='ocrx_word' id='word_1_14' title='bbox 1478 359 1605 405; x_wconf 82' lang='lat' dir='ltr'>Videt</span> <span class='ocrx_word' id='word_1_15' title='bbox 1627 361 1738 405; x_wconf 86' lang='lat' dir='ltr'>inte-</span> 
     </span>
     <span class='ocr_line' id='line_1_3' title="bbox 369 429 1740 489; baseline 0.001 -18"><span class='ocrx_word' id='word_1_16' title='bbox 369 446 490 487; x_wconf 77' lang='lat' dir='ltr'>grum</span> <span class='ocrx_word' id='word_1_17' title='bbox 508 438 549 471; x_wconf 85' lang='lat' dir='ltr'>ct</span> <span class='ocrx_word' id='word_1_18' title='bbox 566 430 735 471; x_wconf 60' lang='lat' dir='ltr'>illibatae</span> <span class='ocrx_word' id='word_1_19' title='bbox 754 429 1014 472; x_wconf 68' lang='lat' dir='ltr'>castimoniae</span> <span class='ocrx_word' id='word_1_20' title='bbox 1033 429 1189 479; x_wconf 86' lang='lat' dir='ltr'>virum,</span> <span class='ocrx_word' id='word_1_21' title='bbox 1211 430 1359 473; x_wconf 75' lang='lat' dir='ltr'>suadet</span> <span class='ocrx_word' id='word_1_22' title='bbox 1374 439 1421 473; x_wconf 89' lang='lat' dir='ltr'>ut</span> <span class='ocrx_word' id='word_1_23' title='bbox 1440 431 1607 489; x_wconf 76' lang='lat' dir='ltr'>nuptias</span> <span class='ocrx_word' id='word_1_24' title='bbox 1625 432 1740 473; x_wconf 81' lang='lat' dir='ltr'>dam-</span> 
     </span>
     <span class='ocr_line' id='line_1_4' title="bbox 365 499 1740 557; baseline 0.002 -15"><span class='ocrx_word' id='word_1_25' title='bbox 365 509 462 549; x_wconf 81' lang='lat' dir='ltr'>net3</span> <span class='ocrx_word' id='word_1_26' title='bbox 482 515 566 557; x_wconf 89' lang='lat' dir='ltr'>quo</span> <span class='ocrx_word' id='word_1_27' title='bbox 583 499 781 556; x_wconf 75' lang='lat' dir='ltr'>ejiciatur</span> <span class='ocrx_word' id='word_1_28' title='bbox 803 500 853 542; x_wconf 83' lang='lat' dir='ltr'>ab</span> <span class='ocrx_word' id='word_1_29' title='bbox 876 500 1065 543; x_wconf 74' lang='lat' dir='ltr'><strong>Ecclesia</strong></span> <span class='ocrx_word' id='word_1_30' title='bbox 1080 533 1091 551; x_wconf 91' lang='lat'><em>‚</em></span> <span class='ocrx_word' id='word_1_31' title='bbox 1114 509 1157 544; x_wconf 89' lang='lat' dir='ltr'>et</span> <span class='ocrx_word' id='word_1_32' title='bbox 1179 501 1321 544; x_wconf 86' lang='lat' dir='ltr'>studio</span> <span class='ocrx_word' id='word_1_33' title='bbox 1352 502 1557 545; x_wconf 81' lang='lat' dir='ltr'>castitatis</span> <span class='ocrx_word' id='word_1_34' title='bbox 1582 517 1602 544; x_wconf 82' lang='lat' dir='ltr'>a</span> <span class='ocrx_word' id='word_1_35' title='bbox 1623 506 1740 545; x_wconf 79' lang='lat' dir='ltr'>casto</span> 
     </span>
     <span class='ocr_line' id='line_1_5' title="bbox 365 570 1742 630; baseline 0 -15"><span class='ocrx_word' id='word_1_36' title='bbox 365 586 545 629; x_wconf 83' lang='lat' dir='ltr'>corpore</span> <span class='ocrx_word' id='word_1_37' title='bbox 578 580 815 628; x_wconf 75' lang='lat' dir='ltr'><strong>separetur.</strong></span> <span class='ocrx_word' id='word_1_38' title='bbox 853 570 1026 615; x_wconf 88' lang='lat' dir='ltr'>Audivit</span> <span class='ocrx_word' id='word_1_39' title='bbox 1054 572 1160 615; x_wconf 86' lang='lat' dir='ltr'>alius</span> <span class='ocrx_word' id='word_1_40' title='bbox 1189 573 1450 630; x_wconf 69' lang='lat' dir='ltr'>quiaaUnus</span> <span class='ocrx_word' id='word_1_41' title='bbox 1476 572 1664 616; x_wconf 76' lang='lat' dir='ltr'>Deus....</span> <span class='ocrx_word' id='word_1_42' title='bbox 1689 588 1742 615; x_wconf 86' lang='lat' dir='ltr'>cx</span> 
     </span>
     <span class='ocr_line' id='line_1_6' title="bbox 367 640 1742 699; baseline 0.002 -17"><span class='ocrx_word' id='word_1_43' title='bbox 367 658 384 682; x_wconf 81' lang='lat'><strong>»</strong></span> <span class='ocrx_word' id='word_1_44' title='bbox 400 656 482 699; x_wconf 91' lang='lat' dir='ltr'>quo</span> <span class='ocrx_word' id='word_1_45' title='bbox 521 641 666 684; x_wconf 84' lang='lat' dir='ltr'>omnin</span> <span class='ocrx_word' id='word_1_46' title='bbox 682 640 716 691; x_wconf 89' lang='lat'>²,</span> <span class='ocrx_word' id='word_1_47' title='bbox 736 660 751 681; x_wconf 74' lang='lat' dir='ltr'><em>u</em></span> <span class='ocrx_word' id='word_1_48' title='bbox 773 643 944 691; x_wconf 83' lang='lat' dir='ltr'>adorat,</span> <span class='ocrx_word' id='word_1_49' title='bbox 989 651 1115 699; x_wconf 79' lang='lat' dir='ltr'>atque</span> <span class='ocrx_word' id='word_1_50' title='bbox 1155 652 1396 686; x_wconf 80' lang='lat' dir='ltr'>veneratur.</span> <span class='ocrx_word' id='word_1_51' title='bbox 1438 643 1665 687; x_wconf 72' lang='lat' dir='ltr'>insidiatur</span> <span class='ocrx_word' id='word_1_52' title='bbox 1703 643 1742 686; x_wconf 86' lang='lat' dir='ltr'>oi</span> 
     </span>
     <span class='ocr_line' id='line_1_7' title="bbox 371 711 1744 774; baseline 0.002 -20"><span class='ocrx_word' id='word_1_53' title='bbox 371 712 564 755; x_wconf 86' lang='lat' dir='ltr'>diabolus</span> <span class='ocrx_word' id='word_1_54' title='bbox 581 746 592 762; x_wconf 86' lang='lat'><em>‚</em></span> <span class='ocrx_word' id='word_1_55' title='bbox 622 712 783 755; x_wconf 85' lang='lat' dir='ltr'>claudit</span> <span class='ocrx_word' id='word_1_56' title='bbox 813 727 935 755; x_wconf 80' lang='lat' dir='ltr'>aures</span> <span class='ocrx_word' id='word_1_57' title='bbox 961 728 1015 756; x_wconf 88' lang='lat' dir='ltr'>ne</span> <span class='ocrx_word' id='word_1_58' title='bbox 1038 713 1208 762; x_wconf 77' lang='lat' dir='ltr'>audiat,</span> <span class='ocrx_word' id='word_1_59' title='bbox 1232 714 1491 771; x_wconf 72' lang='lat' dir='ltr'>quiuaUnus</span> <span class='ocrx_word' id='word_1_60' title='bbox 1519 714 1635 757; x_wconf 90' lang='lat' dir='ltr'>Deus</span> <span class='ocrx_word' id='word_1_61' title='bbox 1665 711 1744 774; x_wconf 72' lang='lat' dir='ltr'>per</span> 
     </span>
     <span class='ocr_line' id='line_1_8' title="bbox 368 781 1741 842; baseline 0.004 -21"><span class='ocrx_word' id='word_1_62' title='bbox 368 800 384 821; x_wconf 69' lang='lat' dir='ltr'><em>a</em></span> <span class='ocrx_word' id='word_1_63' title='bbox 401 796 527 840; x_wconf 87' lang='lat' dir='ltr'>quem</span> <span class='ocrx_word' id='word_1_64' title='bbox 545 781 711 825; x_wconf 79' lang='lat' dir='ltr'>omnia³</span> <span class='ocrx_word' id='word_1_65' title='bbox 733 797 775 825; x_wconf 76' lang='lat' dir='ltr'>:n</span> <span class='ocrx_word' id='word_1_66' title='bbox 794 783 847 826; x_wconf 85' lang='lat' dir='ltr'>ita</span> <span class='ocrx_word' id='word_1_67' title='bbox 863 782 991 825; x_wconf 86' lang='lat' dir='ltr'>nimia</span> <span class='ocrx_word' id='word_1_68' title='bbox 1011 784 1167 841; x_wconf 84' lang='lat' dir='ltr'>pietate</span> <span class='ocrx_word' id='word_1_69' title='bbox 1185 784 1365 842; x_wconf 88' lang='lat' dir='ltr'>impium</span> <span class='ocrx_word' id='word_1_70' title='bbox 1381 799 1475 827; x_wconf 85' lang='lat' dir='ltr'>esse</span> <span class='ocrx_word' id='word_1_71' title='bbox 1494 784 1741 842; x_wconf 72' lang='lat' dir='ltr'>compellit:</span> 
     </span>
     <span class='ocr_line' id='line_1_9' title="bbox 373 854 1744 914; baseline 0.004 -19"><span class='ocrx_word' id='word_1_72' title='bbox 373 862 419 896; x_wconf 89' lang='lat' dir='ltr'>ut</span> <span class='ocrx_word' id='word_1_73' title='bbox 447 854 549 895; x_wconf 92' lang='lat' dir='ltr'>dum</span> <span class='ocrx_word' id='word_1_74' title='bbox 571 854 740 897; x_wconf 79' lang='lat' dir='ltr'>Patrem</span> <span class='ocrx_word' id='word_1_75' title='bbox 764 870 785 897; x_wconf 81' lang='lat' dir='ltr'>a</span> <span class='ocrx_word' id='word_1_76' title='bbox 811 854 924 898; x_wconf 85' lang='lat' dir='ltr'>Filio</span> <span class='ocrx_word' id='word_1_77' title='bbox 951 864 1147 914; x_wconf 80' lang='lat' dir='ltr'>separat,</span> <span class='ocrx_word' id='word_1_78' title='bbox 1178 855 1346 899; x_wconf 84' lang='lat' dir='ltr'>Patrem</span> <span class='ocrx_word' id='word_1_79' title='bbox 1370 855 1614 913; x_wconf 88' lang='lat' dir='ltr'>Filiumque</span> <span class='ocrx_word' id='word_1_80' title='bbox 1638 869 1744 900; x_wconf 83' lang='lat' dir='ltr'>con-</span> 
     </span>
     <span class='ocr_line' id='line_1_10' title="bbox 371 922 1738 984; baseline 0.004 -19"><span class='ocrx_word' id='word_1_81' title='bbox 371 922 546 972; x_wconf 80' lang='lat' dir='ltr'>fundat,</span> <span class='ocrx_word' id='word_1_82' title='bbox 570 933 614 967; x_wconf 85' lang='lat' dir='ltr'>et</span> <span class='ocrx_word' id='word_1_83' title='bbox 645 939 872 982; x_wconf 83' lang='lat' dir='ltr'>porsonam</span> <span class='ocrx_word' id='word_1_84' title='bbox 902 939 1030 967; x_wconf 79' lang='lat' dir='ltr'>unam</span> <span class='ocrx_word' id='word_1_85' title='bbox 1053 932 1176 983; x_wconf 86' lang='lat' dir='ltr'>putet</span> <span class='ocrx_word' id='word_1_86' title='bbox 1208 940 1327 974; x_wconf 86' lang='lat' dir='ltr'>esse,</span> <span class='ocrx_word' id='word_1_87' title='bbox 1355 941 1442 968; x_wconf 88' lang='lat' dir='ltr'>non</span> <span class='ocrx_word' id='word_1_88' title='bbox 1471 932 1738 984; x_wconf 78' lang='lat' dir='ltr'>potestatem.</span> 
     </span>
     <span class='ocr_line' id='line_1_11' title="bbox 374 993 1747 1055; baseline 0.001 -20"><span class='ocrx_word' id='word_1_89' title='bbox 374 993 390 1035; x_wconf 89' lang='lat' dir='ltr'>I</span> <span class='ocrx_word' id='word_1_90' title='bbox 396 1001 523 1051; x_wconf 88' lang='lat' dir='ltr'>taque</span> <span class='ocrx_word' id='word_1_91' title='bbox 535 995 639 1037; x_wconf 87' lang='lat' dir='ltr'>dum</span> <span class='ocrx_word' id='word_1_92' title='bbox 655 1010 898 1038; x_wconf 84' lang='lat' dir='ltr'>mensuram</span> <span class='ocrx_word' id='word_1_93' title='bbox 911 994 1009 1038; x_wconf 85' lang='lat' dir='ltr'>fidei</span> <span class='ocrx_word' id='word_1_94' title='bbox 1023 995 1181 1046; x_wconf 78' lang='lat' dir='ltr'>nescit,</span> <span class='ocrx_word' id='word_1_95' title='bbox 1203 994 1390 1055; x_wconf 84' lang='lat' dir='ltr'>perfidiae</span> <span class='ocrx_word' id='word_1_96' title='bbox 1401 994 1583 1039; x_wconf 84' lang='lat' dir='ltr'>incurrit</span> <span class='ocrx_word' id='word_1_97' title='bbox 1593 1003 1747 1038; x_wconf 80' lang='lat' dir='ltr'>aerum-</span> 
     </span>
     <span class='ocr_line' id='line_1_12' title="bbox 374 1079 487 1108; baseline 0.009 -2"><span class='ocrx_word' id='word_1_98' title='bbox 374 1079 487 1108; x_wconf 79' lang='lat' dir='ltr'><strong>nam.</strong></span> 
     </span>
    </p>

    <p class='ocr_par' dir='ltr' id='par_1_3' title="bbox 374 1133 1751 1692">
     <span class='ocr_line' id='line_1_13' title="bbox 434 1133 1746 1195; baseline 0 -18"><span class='ocrx_word' id='word_1_99' title='bbox 434 1133 512 1178; x_wconf 81' lang='lat' dir='ltr'>XI.</span> <span class='ocrx_word' id='word_1_100' title='bbox 551 1135 780 1188; x_wconf 87' lang='lat' dir='ltr'>Quomodo</span> <span class='ocrx_word' id='word_1_101' title='bbox 803 1137 933 1194; x_wconf 85' lang='lat' dir='ltr'>igitur</span> <span class='ocrx_word' id='word_1_102' title='bbox 947 1137 1024 1180; x_wconf 87' lang='lat' dir='ltr'>hos</span> <span class='ocrx_word' id='word_1_103' title='bbox 1042 1139 1215 1195; x_wconf 83' lang='lat' dir='ltr'>laqueos</span> <span class='ocrx_word' id='word_1_104' title='bbox 1234 1136 1513 1185; x_wconf 78' lang='lat' dir='ltr'>evitabimus;</span> <span class='ocrx_word' id='word_1_105' title='bbox 1537 1143 1587 1178; x_wconf 85' lang='lat' dir='ltr'>ut</span> <span class='ocrx_word' id='word_1_106' title='bbox 1607 1134 1746 1193; x_wconf 78' lang='lat' dir='ltr'>possi-</span> 
     </span>
     <span class='ocr_line' id='line_1_14' title="bbox 375 1206 1749 1266; baseline 0.003 -21"><span class='ocrx_word' id='word_1_107' title='bbox 375 1218 471 1246; x_wconf 88' lang='lat' dir='ltr'>mus</span> <span class='ocrx_word' id='word_1_108' title='bbox 492 1213 534 1247; x_wconf 91' lang='lat' dir='ltr'>et</span> <span class='ocrx_word' id='word_1_109' title='bbox 561 1220 637 1248; x_wconf 89' lang='lat' dir='ltr'>nos</span> <span class='ocrx_word' id='word_1_110' title='bbox 655 1206 799 1250; x_wconf 84' lang='lat' dir='ltr'>dicere</span> <span class='ocrx_word' id='word_1_111' title='bbox 821 1222 830 1250; x_wconf 72' lang='grc' dir='ltr'><strong><em>ε</em></strong></span> <span class='ocrx_word' id='word_1_112' title='bbox 848 1225 863 1246; x_wconf 76' lang='grc' dir='ltr'><strong>α</strong></span> <span class='ocrx_word' id='word_1_113' title='bbox 877 1208 1028 1251; x_wconf 87' lang='lat' dir='ltr'>Anima</span> <span class='ocrx_word' id='word_1_114' title='bbox 1052 1216 1196 1251; x_wconf 80' lang='lat' dir='ltr'>nostra</span> <span class='ocrx_word' id='word_1_115' title='bbox 1219 1208 1330 1251; x_wconf 83' lang='lat' dir='ltr'>sicut</span> <span class='ocrx_word' id='word_1_116' title='bbox 1353 1221 1498 1266; x_wconf 85' lang='lat' dir='ltr'>passer</span> <span class='ocrx_word' id='word_1_117' title='bbox 1517 1214 1662 1264; x_wconf 81' lang='lat' dir='ltr'>erepta</span> <span class='ocrx_word' id='word_1_118' title='bbox 1683 1213 1749 1249; x_wconf 86' lang='lat' dir='ltr'>est</span> 
     </span>
     <span class='ocr_line' id='line_1_15' title="bbox 374 1275 1750 1336; baseline 0.002 -21"><span class='ocrx_word' id='word_1_119' title='bbox 374 1293 391 1314; x_wconf 81' lang='lat'><strong>»</strong></span> <span class='ocrx_word' id='word_1_120' title='bbox 409 1275 460 1317; x_wconf 86' lang='lat' dir='ltr'>de</span> <span class='ocrx_word' id='word_1_121' title='bbox 474 1276 625 1333; x_wconf 82' lang='lat' dir='ltr'>laqueo</span> <span class='ocrx_word' id='word_1_122' title='bbox 647 1278 892 1321; x_wconf 74' lang='lat' dir='ltr'>venantium</span> <span class='ocrx_word' id='word_1_123' title='bbox 920 1294 930 1321; x_wconf 73' lang='grc' dir='ltr'><strong><em>ε</em></strong></span> <span class='ocrx_word' id='word_1_124' title='bbox 957 1280 1134 1336; x_wconf 81' lang='lat' dir='ltr'>laqueus</span> <span class='ocrx_word' id='word_1_125' title='bbox 1158 1279 1368 1321; x_wconf 88' lang='lat' dir='ltr'>contritus</span> <span class='ocrx_word' id='word_1_126' title='bbox 1382 1286 1463 1326; x_wconf 77' lang='lat' dir='ltr'>est,</span> <span class='ocrx_word' id='word_1_127' title='bbox 1485 1285 1529 1321; x_wconf 86' lang='lat' dir='ltr'>et</span> <span class='ocrx_word' id='word_1_128' title='bbox 1549 1291 1626 1320; x_wconf 85' lang='lat' dir='ltr'>nos</span> <span class='ocrx_word' id='word_1_129' title='bbox 1645 1276 1750 1320; x_wconf 86' lang='lat' dir='ltr'>libc-</span> 
     </span>
     <span class='ocr_line' id='line_1_16' title="bbox 374 1346 1750 1406; baseline 0.003 -21"><span class='ocrx_word' id='word_1_130' title='bbox 374 1346 484 1387; x_wconf 78' lang='lat' dir='ltr'>»rati</span> <span class='ocrx_word' id='word_1_131' title='bbox 521 1347 742 1390; x_wconf 67' lang='lat' dir='ltr'>sumus⁴?»</span> <span class='ocrx_word' id='word_1_132' title='bbox 761 1348 855 1392; x_wconf 91' lang='lat' dir='ltr'>Non</span> <span class='ocrx_word' id='word_1_133' title='bbox 889 1348 994 1392; x_wconf 87' lang='lat' dir='ltr'>dicit</span> <span class='ocrx_word' id='word_1_134' title='bbox 1022 1364 1031 1390; x_wconf 91' lang='lat'>:</span> <span class='ocrx_word' id='word_1_135' title='bbox 1055 1349 1144 1406; x_wconf 82' lang='lat' dir='ltr'>Ego</span> <span class='ocrx_word' id='word_1_136' title='bbox 1176 1348 1360 1391; x_wconf 79' lang='lat' dir='ltr'>contrivi</span> <span class='ocrx_word' id='word_1_137' title='bbox 1394 1349 1596 1406; x_wconf 85' lang='lat' dir='ltr'>laqueum</span> <span class='ocrx_word' id='word_1_138' title='bbox 1624 1362 1635 1390; x_wconf 90' lang='lat'><strong>:</strong></span> <span class='ocrx_word' id='word_1_139' title='bbox 1662 1361 1750 1389; x_wconf 84' lang='lat' dir='ltr'>non</span> 
     </span>
     <span class='ocr_line' id='line_1_17' title="bbox 378 1419 1748 1477; baseline 0.001 -19"><span class='ocrx_word' id='word_1_140' title='bbox 378 1431 504 1460; x_wconf 84' lang='lat' dir='ltr'>ausus</span> <span class='ocrx_word' id='word_1_141' title='bbox 536 1428 599 1461; x_wconf 89' lang='lat' dir='ltr'>est</span> <span class='ocrx_word' id='word_1_142' title='bbox 622 1419 703 1462; x_wconf 89' lang='lat' dir='ltr'>hoc</span> <span class='ocrx_word' id='word_1_143' title='bbox 734 1421 877 1463; x_wconf 87' lang='lat' dir='ltr'>dicere</span> <span class='ocrx_word' id='word_1_144' title='bbox 907 1420 1070 1469; x_wconf 82' lang='lat' dir='ltr'>David;</span> <span class='ocrx_word' id='word_1_145' title='bbox 1099 1422 1174 1463; x_wconf 86' lang='lat' dir='ltr'>scd</span> <span class='ocrx_word' id='word_1_146' title='bbox 1194 1419 1523 1477; x_wconf 79' lang='lat' dir='ltr'>:«Adjutorium</span> <span class='ocrx_word' id='word_1_147' title='bbox 1552 1426 1748 1462; x_wconf 84' lang='lat' dir='ltr'>nostrum</span> 
     </span>
     <span class='ocr_line' id='line_1_18' title="bbox 377 1487 1751 1549; baseline 0.002 -21"><span class='ocrx_word' id='word_1_148' title='bbox 377 1487 448 1530; x_wconf 82' lang='lat' dir='ltr'>»in</span> <span class='ocrx_word' id='word_1_149' title='bbox 470 1490 646 1546; x_wconf 82' lang='lat' dir='ltr'>nomine</span> <span class='ocrx_word' id='word_1_150' title='bbox 671 1491 885 1541; x_wconf 87' lang='lat' dir='ltr'>Domini⁵;</span> <span class='ocrx_word' id='word_1_151' title='bbox 905 1510 920 1531; x_wconf 70' lang='lat' dir='ltr'><em>n</em></span> <span class='ocrx_word' id='word_1_152' title='bbox 943 1500 989 1534; x_wconf 89' lang='lat' dir='ltr'>ut</span> <span class='ocrx_word' id='word_1_153' title='bbox 1012 1492 1257 1534; x_wconf 79' lang='lat' dir='ltr'>ostenderet</span> <span class='ocrx_word' id='word_1_154' title='bbox 1278 1492 1392 1534; x_wconf 91' lang='lat' dir='ltr'>unde</span> <span class='ocrx_word' id='word_1_155' title='bbox 1412 1492 1590 1549; x_wconf 77' lang='lat' dir='ltr'>laqueus</span> <span class='ocrx_word' id='word_1_156' title='bbox 1610 1490 1751 1532; x_wconf 83' lang='lat' dir='ltr'>solve-</span> 
     </span>
     <span class='ocr_line' id='line_1_19' title="bbox 377 1561 1746 1620; baseline -0.001 -18"><span class='ocrx_word' id='word_1_157' title='bbox 377 1567 520 1609; x_wconf 62' lang='lat' dir='ltr'>retum</span> <span class='ocrx_word' id='word_1_158' title='bbox 541 1569 586 1603; x_wconf 89' lang='lat' dir='ltr'>ut</span> <span class='ocrx_word' id='word_1_159' title='bbox 608 1563 883 1620; x_wconf 84' lang='lat' dir='ltr'>prophetaret</span> <span class='ocrx_word' id='word_1_160' title='bbox 906 1562 1020 1619; x_wconf 81' lang='lat' dir='ltr'>quod</span> <span class='ocrx_word' id='word_1_161' title='bbox 1047 1571 1252 1604; x_wconf 86' lang='lat' dir='ltr'>venturus</span> <span class='ocrx_word' id='word_1_162' title='bbox 1270 1571 1381 1605; x_wconf 87' lang='lat' dir='ltr'>esset</span> <span class='ocrx_word' id='word_1_163' title='bbox 1401 1562 1442 1605; x_wconf 89' lang='lat' dir='ltr'>in</span> <span class='ocrx_word' id='word_1_164' title='bbox 1466 1562 1576 1605; x_wconf 80' lang='lat' dir='ltr'>hanc</span> <span class='ocrx_word' id='word_1_165' title='bbox 1598 1561 1746 1610; x_wconf 81' lang='lat' dir='ltr'>vitam,</span> 
     </span>
     <span class='ocr_line' id='line_1_20' title="bbox 378 1631 1624 1692; baseline 0.001 -19"><span class='ocrx_word' id='word_1_166' title='bbox 378 1631 452 1689; x_wconf 88' lang='lat' dir='ltr'>qui</span> <span class='ocrx_word' id='word_1_167' title='bbox 475 1641 715 1676; x_wconf 78' lang='lat' dir='ltr'>contereret</span> <span class='ocrx_word' id='word_1_168' title='bbox 743 1636 940 1692; x_wconf 80' lang='lat' dir='ltr'>laqueum</span> <span class='ocrx_word' id='word_1_169' title='bbox 965 1633 1113 1676; x_wconf 75' lang='lat' dir='ltr'>fraude</span> <span class='ocrx_word' id='word_1_170' title='bbox 1143 1633 1300 1675; x_wconf 83' lang='lat' dir='ltr'>diaboli</span> <span class='ocrx_word' id='word_1_171' title='bbox 1323 1641 1624 1692; x_wconf 64' lang='lat' dir='ltr'>praeparatum.</span> 
     </span>
    </p>

    <p class='ocr_par' dir='ltr' id='par_1_4' title="bbox 373 1695 1800 2531">
     <span class='ocr_line' id='line_1_21' title="bbox 395 1695 1800 1762; baseline -0.002 -16"><span class='ocrx_word' id='word_1_172' title='bbox 395 1697 398 1699; x_wconf 51' lang='grc'><strong>’</strong></span> <span class='ocrx_word' id='word_1_173' title='bbox 441 1703 523 1746; x_wconf 86' lang='grc' dir='ltr'>ΧΠ</span> <span class='ocrx_word' id='word_1_174' title='bbox 577 1705 659 1747; x_wconf 75' lang='lat' dir='ltr'>Sed</span> <span class='ocrx_word' id='word_1_175' title='bbox 686 1720 768 1747; x_wconf 79' lang='lat' dir='ltr'>non</span> <span class='ocrx_word' id='word_1_176' title='bbox 792 1704 931 1762; x_wconf 83' lang='lat' dir='ltr'>potuit</span> <span class='ocrx_word' id='word_1_177' title='bbox 949 1705 1098 1746; x_wconf 81' lang='lat' dir='ltr'>melius</span> <span class='ocrx_word' id='word_1_178' title='bbox 1126 1704 1288 1746; x_wconf 81' lang='lat' dir='ltr'>conteri</span> <span class='ocrx_word' id='word_1_179' title='bbox 1312 1705 1488 1761; x_wconf 77' lang='lat' dir='ltr'>laqueus</span> <span class='ocrx_word' id='word_1_180' title='bbox 1505 1737 1515 1751; x_wconf 83' lang='lat'>,</span> <span class='ocrx_word' id='word_1_181' title='bbox 1541 1702 1621 1746; x_wconf 83' lang='lat' dir='ltr'>nisi</span> <span class='ocrx_word' id='word_1_182' title='bbox 1645 1717 1754 1760; x_wconf 71' lang='lat' dir='ltr'>prm·</span> <span class='ocrx_word' id='word_1_183' title='bbox 1793 1695 1800 1703; x_wconf 41' lang='lat'>&#39;⁴</span> 
     </span>
     <span class='ocr_line' id='line_1_22' title="bbox 380 1773 1752 1834; baseline -0.002 -13"><span class='ocrx_word' id='word_1_184' title='bbox 380 1780 474 1821; x_wconf 76' lang='lat' dir='ltr'>dam</span> <span class='ocrx_word' id='word_1_185' title='bbox 505 1778 687 1834; x_wconf 81' lang='lat' dir='ltr'>aliquam</span> <span class='ocrx_word' id='word_1_186' title='bbox 711 1776 880 1819; x_wconf 80' lang='lat' dir='ltr'>diabolo</span> <span class='ocrx_word' id='word_1_187' title='bbox 905 1778 1259 1823; x_wconf 57' lang='lat' dir='ltr'>demonstrassem</span> <span class='ocrx_word' id='word_1_188' title='bbox 1286 1783 1333 1816; x_wconf 83' lang='lat' dir='ltr'>ut</span> <span class='ocrx_word' id='word_1_189' title='bbox 1360 1773 1463 1818; x_wconf 79' lang='lat' dir='ltr'>dum</span> <span class='ocrx_word' id='word_1_190' title='bbox 1485 1774 1556 1817; x_wconf 79' lang='lat' dir='ltr'>ine</span> <span class='ocrx_word' id='word_1_191' title='bbox 1577 1774 1752 1818; x_wconf 78' lang='lat' dir='ltr'>festinat</span> 
     </span>
     <span class='ocr_line' id='line_1_23' title="bbox 383 1845 1749 1906; baseline -0.003 -14"><span class='ocrx_word' id='word_1_192' title='bbox 383 1852 434 1892; x_wconf 76' lang='lat' dir='ltr'>ad</span> <span class='ocrx_word' id='word_1_193' title='bbox 458 1849 640 1906; x_wconf 68' lang='lat' dir='ltr'>praedam</span> <span class='ocrx_word' id='word_1_194' title='bbox 659 1881 667 1896; x_wconf 92' lang='lat'>‚</span> <span class='ocrx_word' id='word_1_195' title='bbox 687 1848 772 1888; x_wconf 85' lang='lat' dir='ltr'>suis</span> <span class='ocrx_word' id='word_1_196' title='bbox 795 1847 956 1904; x_wconf 76' lang='lat' dir='ltr'>laqueis</span> <span class='ocrx_word' id='word_1_197' title='bbox 974 1848 1197 1905; x_wconf 74' lang='lat' dir='ltr'>ligaretur.</span> <span class='ocrx_word' id='word_1_198' title='bbox 1223 1854 1266 1888; x_wconf 86' lang='lat' dir='ltr'>et</span> <span class='ocrx_word' id='word_1_199' title='bbox 1283 1861 1362 1904; x_wconf 81' lang='lat' dir='ltr'>ego</span> <span class='ocrx_word' id='word_1_200' title='bbox 1379 1860 1547 1904; x_wconf 85' lang='lat' dir='ltr'>possem</span> <span class='ocrx_word' id='word_1_201' title='bbox 1571 1845 1716 1888; x_wconf 75' lang='lat' dir='ltr'>dicere</span> <span class='ocrx_word' id='word_1_202' title='bbox 1737 1859 1749 1888; x_wconf 73' lang='lat' dir='ltr'><em>z</em></span> 
     </span>
     <span class='ocr_line' id='line_1_24' title="bbox 389 1916 1755 1980; baseline 0 -21"><span class='ocrx_word' id='word_1_203' title='bbox 389 1920 609 1980; x_wconf 79' lang='lat' dir='ltr'>«Laqueos</span> <span class='ocrx_word' id='word_1_204' title='bbox 643 1927 902 1976; x_wconf 69' lang='lat' dir='ltr'>paraverunt</span> <span class='ocrx_word' id='word_1_205' title='bbox 937 1918 1118 1975; x_wconf 77' lang='lat' dir='ltr'>pedibus</span> <span class='ocrx_word' id='word_1_206' title='bbox 1154 1916 1284 1965; x_wconf 80' lang='lat' dir='ltr'>meis,</span> <span class='ocrx_word' id='word_1_207' title='bbox 1316 1925 1359 1958; x_wconf 87' lang='lat' dir='ltr'>ct</span> <span class='ocrx_word' id='word_1_208' title='bbox 1391 1916 1468 1975; x_wconf 87' lang='lat' dir='ltr'>ipsi</span> <span class='ocrx_word' id='word_1_209' title='bbox 1508 1916 1755 1959; x_wconf 79' lang='lat' dir='ltr'>inciderunt</span> 
     </span>
     <span class='ocr_line' id='line_1_25' title="bbox 373 1986 1754 2046; baseline -0.001 -15"><span class='ocrx_word' id='word_1_210' title='bbox 373 2012 388 2031; x_wconf 64' lang='lat' dir='ltr'><strong><em>n</em></strong></span> <span class='ocrx_word' id='word_1_211' title='bbox 406 1992 446 2034; x_wconf 90' lang='lat' dir='ltr'>in</span> <span class='ocrx_word' id='word_1_212' title='bbox 471 1989 589 2038; x_wconf 81' lang='lat' dir='ltr'>eos⁶.</span> <span class='ocrx_word' id='word_1_213' title='bbox 609 2008 624 2028; x_wconf 73' lang='grc' dir='ltr'>ι)</span> <span class='ocrx_word' id='word_1_214' title='bbox 645 1990 752 2041; x_wconf 85' lang='lat' dir='ltr'>Quae</span> <span class='ocrx_word' id='word_1_215' title='bbox 780 1988 918 2046; x_wconf 85' lang='lat' dir='ltr'>potuit</span> <span class='ocrx_word' id='word_1_216' title='bbox 940 2003 1031 2030; x_wconf 81' lang='lat' dir='ltr'>csse</span> <span class='ocrx_word' id='word_1_217' title='bbox 1049 1987 1207 2046; x_wconf 85' lang='lat' dir='ltr'>praeda‚</span> <span class='ocrx_word' id='word_1_218' title='bbox 1232 1987 1311 2030; x_wconf 84' lang='lat' dir='ltr'>nisi</span> <span class='ocrx_word' id='word_1_219' title='bbox 1334 1986 1524 2046; x_wconf 69' lang='lat' dir='ltr'>corpus?</span> <span class='ocrx_word' id='word_1_220' title='bbox 1547 1987 1754 2045; x_wconf 81' lang='lat' dir='ltr'>Oportuit</span> 
     </span>
     <span class='ocr_line' id='line_1_26' title="bbox 384 2056 1754 2118; baseline -0.002 -16"><span class='ocrx_word' id='word_1_221' title='bbox 384 2060 513 2118; x_wconf 85' lang='lat' dir='ltr'>igitur</span> <span class='ocrx_word' id='word_1_222' title='bbox 545 2059 656 2101; x_wconf 84' lang='lat' dir='ltr'>hanc</span> <span class='ocrx_word' id='word_1_223' title='bbox 677 2058 869 2101; x_wconf 82' lang='lat' dir='ltr'>fraudem</span> <span class='ocrx_word' id='word_1_224' title='bbox 895 2058 1065 2100; x_wconf 84' lang='lat' dir='ltr'>diabolo</span> <span class='ocrx_word' id='word_1_225' title='bbox 1098 2056 1218 2106; x_wconf 81' lang='lat' dir='ltr'>fieri,</span> <span class='ocrx_word' id='word_1_226' title='bbox 1253 2065 1301 2099; x_wconf 85' lang='lat' dir='ltr'>ut</span> <span class='ocrx_word' id='word_1_227' title='bbox 1330 2057 1567 2115; x_wconf 84' lang='lat' dir='ltr'>susciperet</span> <span class='ocrx_word' id='word_1_228' title='bbox 1598 2071 1754 2114; x_wconf 79' lang='lat' dir='ltr'>corpus</span> 
     </span>
     <span class='ocr_line' id='line_1_27' title="bbox 382 2126 1756 2185; baseline -0.003 -11"><span class='ocrx_word' id='word_1_229' title='bbox 382 2130 579 2174; x_wconf 88' lang='lat' dir='ltr'>dominus</span> <span class='ocrx_word' id='word_1_230' title='bbox 600 2129 745 2177; x_wconf 80' lang='lat' dir='ltr'>Jesus,</span> <span class='ocrx_word' id='word_1_231' title='bbox 767 2137 810 2171; x_wconf 90' lang='lat' dir='ltr'>et</span> <span class='ocrx_word' id='word_1_232' title='bbox 830 2143 986 2185; x_wconf 87' lang='lat' dir='ltr'>corpus</span> <span class='ocrx_word' id='word_1_233' title='bbox 1009 2128 1092 2170; x_wconf 92' lang='lat' dir='ltr'>hoc</span> <span class='ocrx_word' id='word_1_234' title='bbox 1115 2127 1394 2185; x_wconf 77' lang='lat' dir='ltr'>corruptibile</span> <span class='ocrx_word' id='word_1_235' title='bbox 1412 2161 1422 2176; x_wconf 92' lang='lat'><em>,</em></span> <span class='ocrx_word' id='word_1_236' title='bbox 1446 2142 1603 2185; x_wconf 78' lang='lat' dir='ltr'>corpus</span> <span class='ocrx_word' id='word_1_237' title='bbox 1633 2126 1756 2170; x_wconf 79' lang='lat' dir='ltr'>infir·</span> 
     </span>
     <span class='ocr_line' id='line_1_28' title="bbox 381 2198 1758 2258; baseline -0.001 -14"><span class='ocrx_word' id='word_1_238' title='bbox 381 2216 526 2247; x_wconf 77' lang='lat' dir='ltr'>mum:</span> <span class='ocrx_word' id='word_1_239' title='bbox 561 2208 606 2242; x_wconf 90' lang='lat' dir='ltr'>ut</span> <span class='ocrx_word' id='word_1_240' title='bbox 638 2199 964 2258; x_wconf 77' lang='lat' dir='ltr'>crucifigeretur</span> <span class='ocrx_word' id='word_1_241' title='bbox 997 2214 1048 2241; x_wconf 88' lang='lat' dir='ltr'>ex</span> <span class='ocrx_word' id='word_1_242' title='bbox 1085 2198 1344 2242; x_wconf 83' lang='lat' dir='ltr'>infirmitate.</span> <span class='ocrx_word' id='word_1_243' title='bbox 1387 2198 1431 2242; x_wconf 92' lang='lat' dir='ltr'>Si</span> <span class='ocrx_word' id='word_1_244' title='bbox 1462 2199 1577 2242; x_wconf 86' lang='lat' dir='ltr'>enim</span> <span class='ocrx_word' id='word_1_245' title='bbox 1610 2198 1758 2243; x_wconf 75' lang='lat' dir='ltr'>ruisset</span> 
     </span>
     <span class='ocr_line' id='line_1_29' title="bbox 387 2268 1754 2331; baseline -0.002 -16"><span class='ocrx_word' id='word_1_246' title='bbox 387 2287 542 2331; x_wconf 84' lang='lat' dir='ltr'>corpus</span> <span class='ocrx_word' id='word_1_247' title='bbox 573 2269 784 2328; x_wconf 81' lang='lat' dir='ltr'>spiritale,</span> <span class='ocrx_word' id='word_1_248' title='bbox 821 2284 905 2311; x_wconf 90' lang='lat' dir='ltr'>non</span> <span class='ocrx_word' id='word_1_249' title='bbox 939 2269 1110 2311; x_wconf 85' lang='lat' dir='ltr'>dixisset</span> <span class='ocrx_word' id='word_1_250' title='bbox 1138 2268 1379 2327; x_wconf 70' lang='lat' dir='ltr'>:aspiritus</span> <span class='ocrx_word' id='word_1_251' title='bbox 1413 2277 1639 2328; x_wconf 82' lang='lat' dir='ltr'>promptus</span> <span class='ocrx_word' id='word_1_252' title='bbox 1667 2277 1754 2319; x_wconf 84' lang='lat' dir='ltr'>cst.</span> 
     </span>
     <span class='ocr_line' id='line_1_30' title="bbox 383 2337 1752 2397; baseline 0.001 -15"><span class='ocrx_word' id='word_1_253' title='bbox 383 2357 512 2385; x_wconf 80' lang='lat' dir='ltr'>»caro</span> <span class='ocrx_word' id='word_1_254' title='bbox 551 2348 694 2383; x_wconf 82' lang='lat' dir='ltr'>autem</span> <span class='ocrx_word' id='word_1_255' title='bbox 728 2337 939 2381; x_wconf 82' lang='lat' dir='ltr'>infirma⁷.</span> <span class='ocrx_word' id='word_1_256' title='bbox 960 2359 974 2378; x_wconf 72' lang='lat' dir='ltr'>o</span> <span class='ocrx_word' id='word_1_257' title='bbox 999 2338 1109 2382; x_wconf 90' lang='lat' dir='ltr'>Audi</span> <span class='ocrx_word' id='word_1_258' title='bbox 1147 2339 1276 2397; x_wconf 83' lang='lat' dir='ltr'>igitur</span> <span class='ocrx_word' id='word_1_259' title='bbox 1310 2348 1539 2397; x_wconf 84' lang='lat' dir='ltr'>utramque</span> <span class='ocrx_word' id='word_1_260' title='bbox 1575 2354 1752 2389; x_wconf 86' lang='lat' dir='ltr'>vocem.</span> 
     </span>
     <span class='ocr_line' id='line_1_31' title="bbox 383 2408 1757 2469; baseline -0.001 -15"><span class='ocrx_word' id='word_1_261' title='bbox 383 2421 426 2455; x_wconf 89' lang='lat' dir='ltr'>et</span> <span class='ocrx_word' id='word_1_262' title='bbox 447 2410 618 2469; x_wconf 86' lang='lat' dir='ltr'>spiritus</span> <span class='ocrx_word' id='word_1_263' title='bbox 636 2409 840 2467; x_wconf 87' lang='lat' dir='ltr'>prompti,</span> <span class='ocrx_word' id='word_1_264' title='bbox 860 2416 903 2451; x_wconf 88' lang='lat' dir='ltr'>et</span> <span class='ocrx_word' id='word_1_265' title='bbox 921 2408 1060 2451; x_wconf 77' lang='lat' dir='ltr'>carnis</span> <span class='ocrx_word' id='word_1_266' title='bbox 1077 2408 1256 2451; x_wconf 84' lang='lat' dir='ltr'>infirmae</span> <span class='ocrx_word' id='word_1_267' title='bbox 1277 2424 1287 2451; x_wconf 74' lang='grc' dir='ltr'><strong><em>ε</em></strong></span> <span class='ocrx_word' id='word_1_268' title='bbox 1305 2410 1472 2459; x_wconf 74' lang='lat' dir='ltr'>«Pater,</span> <span class='ocrx_word' id='word_1_269' title='bbox 1496 2409 1531 2453; x_wconf 88' lang='lat' dir='ltr'>si</span> <span class='ocrx_word' id='word_1_270' title='bbox 1554 2409 1757 2468; x_wconf 78' lang='lat' dir='ltr'>possibile</span> 
     </span>
     <span class='ocr_line' id='line_1_32' title="bbox 385 2479 1759 2531; baseline 0.002 -9"><span class='ocrx_word' id='word_1_271' title='bbox 385 2502 400 2522; x_wconf 72' lang='lat' dir='ltr'>n</span> <span class='ocrx_word' id='word_1_272' title='bbox 415 2490 503 2531; x_wconf 87' lang='lat' dir='ltr'>est,</span> <span class='ocrx_word' id='word_1_273' title='bbox 529 2488 714 2524; x_wconf 83' lang='lat' dir='ltr'>transeat</span> <span class='ocrx_word' id='word_1_274' title='bbox 739 2495 759 2522; x_wconf 84' lang='lat' dir='ltr'>a</span> <span class='ocrx_word' id='word_1_275' title='bbox 786 2495 855 2522; x_wconf 88' lang='lat' dir='ltr'>me</span> <span class='ocrx_word' id='word_1_276' title='bbox 877 2479 985 2522; x_wconf 83' lang='lat' dir='ltr'>calix</span> <span class='ocrx_word' id='word_1_277' title='bbox 1002 2479 1159 2522; x_wconf 59' lang='lat' dir='ltr'>istem</span> <span class='ocrx_word' id='word_1_278' title='bbox 1180 2480 1270 2523; x_wconf 81' lang='lat' dir='ltr'>haec</span> <span class='ocrx_word' id='word_1_279' title='bbox 1289 2480 1430 2524; x_wconf 80' lang='lat' dir='ltr'>carnis</span> <span class='ocrx_word' id='word_1_280' title='bbox 1451 2488 1516 2524; x_wconf 84' lang='lat' dir='ltr'>est</span> <span class='ocrx_word' id='word_1_281' title='bbox 1535 2494 1628 2524; x_wconf 86' lang='lat' dir='ltr'>vox.</span> <span class='ocrx_word' id='word_1_282' title='bbox 1648 2479 1759 2526; x_wconf 68' lang='lat' dir='ltr'>used</span> 
     </span>
    </p>
   </div>
   <div class='ocr_carea' id='block_1_3' title="bbox 387 2581 1760 2693">
    <p class='ocr_par' dir='ltr' id='par_1_5' title="bbox 387 2581 1760 2693">
     <span class='ocr_line' id='line_1_33' title="bbox 438 2581 1760 2634; baseline 0.003 -18"><span class='ocrx_word' id='word_1_283' title='bbox 438 2594 446 2608; x_wconf 79' lang='lat'>¹</span> <span class='ocrx_word' id='word_1_284' title='bbox 469 2595 486 2616; x_wconf 71' lang='grc' dir='ltr'>α</span> <span class='ocrx_word' id='word_1_285' title='bbox 507 2583 601 2615; x_wconf 75' lang='lat' dir='ltr'>loan.</span> <span class='ocrx_word' id='word_1_286' title='bbox 621 2593 664 2613; x_wconf 81' lang='lat' dir='ltr'>vn</span> <span class='ocrx_word' id='word_1_287' title='bbox 685 2600 722 2606; x_wconf 94' lang='lat'>—</span> <span class='ocrx_word' id='word_1_288' title='bbox 744 2592 755 2606; x_wconf 84' lang='lat'><strong>·</strong></span> <span class='ocrx_word' id='word_1_289' title='bbox 782 2582 888 2615; x_wconf 69' lang='lat' dir='ltr'>icor.</span> <span class='ocrx_word' id='word_1_290' title='bbox 908 2593 978 2619; x_wconf 73' lang='grc' dir='ltr'>ηιι,</span> <span class='ocrx_word' id='word_1_291' title='bbox 997 2583 1028 2614; x_wconf 88' lang='grc'>6.</span> <span class='ocrx_word' id='word_1_292' title='bbox 1044 2600 1086 2607; x_wconf 89' lang='grc'>-</span> <span class='ocrx_word' id='word_1_293' title='bbox 1105 2584 1118 2607; x_wconf 81' lang='grc'>3</span> <span class='ocrx_word' id='word_1_294' title='bbox 1135 2583 1267 2616; x_wconf 88' lang='lat' dir='ltr'>lbid.—</span> <span class='ocrx_word' id='word_1_295' title='bbox 1287 2585 1298 2607; x_wconf 82' lang='lat'><strong>⁴</strong></span> <span class='ocrx_word' id='word_1_296' title='bbox 1318 2584 1403 2617; x_wconf 68' lang='lat' dir='ltr'>Puni.</span> <span class='ocrx_word' id='word_1_297' title='bbox 1417 2594 1535 2628; x_wconf 75' lang='lat' dir='ltr'>cum,</span> <span class='ocrx_word' id='word_1_298' title='bbox 1551 2595 1627 2634; x_wconf 79' lang='lat'>7·—</span> <span class='ocrx_word' id='word_1_299' title='bbox 1642 2585 1656 2609; x_wconf 76' lang='lat'>⁸</span> <span class='ocrx_word' id='word_1_300' title='bbox 1671 2581 1760 2629; x_wconf 51' lang='lat' dir='ltr'>U’ssdq</span> 
     </span>
     <span class='ocr_line' id='line_1_34' title="bbox 387 2637 1394 2693; baseline 0.002 -23"><span class='ocrx_word' id='word_1_301' title='bbox 387 2640 421 2687; x_wconf 54' lang='lat'>8,</span> <span class='ocrx_word' id='word_1_302' title='bbox 443 2658 481 2665; x_wconf 93' lang='lat'>-</span> <span class='ocrx_word' id='word_1_303' title='bbox 498 2640 512 2661; x_wconf 87' lang='lat'><em>⁶</em></span> <span class='ocrx_word' id='word_1_304' title='bbox 528 2638 577 2675; x_wconf 76' lang='lat' dir='ltr'>ld.</span> <span class='ocrx_word' id='word_1_305' title='bbox 604 2648 668 2677; x_wconf 66' lang='lat' dir='ltr'>uu,</span> <span class='ocrx_word' id='word_1_306' title='bbox 686 2649 716 2685; x_wconf 86' lang='lat'>7.</span> <span class='ocrx_word' id='word_1_307' title='bbox 735 2656 774 2663; x_wconf 88' lang='lat'>--</span> <span class='ocrx_word' id='word_1_308' title='bbox 794 2644 805 2668; x_wconf 87' lang='grc'><strong>7</strong></span> <span class='ocrx_word' id='word_1_309' title='bbox 826 2637 942 2671; x_wconf 70' lang='lat' dir='ltr'>Mauh.</span> <span class='ocrx_word' id='word_1_310' title='bbox 970 2649 1058 2680; x_wconf 70' lang='lat' dir='ltr'>xxvi,</span> <span class='ocrx_word' id='word_1_311' title='bbox 1075 2638 1126 2685; x_wconf 63' lang='grc'>41,</span> <span class='ocrx_word' id='word_1_312' title='bbox 1146 2658 1185 2665; x_wconf 83' lang='lat'>-</span> <span class='ocrx_word' id='word_1_313' title='bbox 1206 2639 1323 2676; x_wconf 79' lang='lat' dir='ltr'>⁸1bid,</span> <span class='ocrx_word' id='word_1_314' title='bbox 1343 2639 1394 2693; x_wconf 69' lang='lat'>39.</span> 
     </span>
    </p>
   </div>
  </div>
 </body>
</html>
