1800 3268
304 292 522 323 EXPOSI‘HO
552 292 697 322 evam·
740 290 826 321 SBC·
865 291 956 320 wc.
995 291 1074 319 ΗΒ.
1114 289 1177 319 nt.
1340 289 1422 332 117

66 379 291 417 merantur
310 372 431 420 anni:
451 379 497 414 ut
519 371 719 429 qnoniam
743 371 860 413 solus
886 378 950 412 cst
968 369 1178 419 Christus,
1204 367 1327 426 cujus
1344 368 1430 412 vita

67 444 228 487 nullam
251 443 381 486 sensit
399 450 566 484 aetatem
581 472 593 490 .
617 441 657 483 in
677 440 911 497 majoribus
932 454 1102 498 quoqne
1122 439 1207 482 suis
1229 454 1313 482 non
1336 453 1437 482 sen·

68 513 172 558 aisse
188 512 344 557 diluvia
367 512 594 555 videretur.
622 510 796 554 Enoch·
818 526 918 553 vero
938 525 1080 553 nonne
1098 510 1370 553 manifestum
1392 515 1439 551 et

67 584 237 645 pietati·
252 583 487 627 Dominicae
503 591 546 625 et
562 581 792 625 divinitatis
808 580 1017 624 indicium
1033 589 1120 629 est:
1145 595 1198 623 eo
1219 579 1336 639 quod
1356 592 1438 623 nee

71 662 256 700 mortem
277 653 458 697 senserit
477 651 702 701 Dominus.
723 652 835 695 etad
848 652 1004 695 coetum
1023 650 1291 699 remeaverit,
1313 648 1439 707 cuin·

70 726 239 787 generis
271 734 422 768 auctor
453 732 599 783 raptus
635 725 689 766 nd
716 724 873 767 coelum
899 722 994 765 est?
1027 722 1148 766 Unde
1170 719 1443 764 manifestum

70 806 162 850 est,
183 806 227 842 et
250 796 468 841 Christum
490 794 677 854 potuisse
694 809 781 837 non
803 793 930 842 mori,
953 794 1028 836 sed
1051 792 1266 841 noluisse:
1286 799 1336 834 ut
1362 806 1438 834 no·

72 867 140 912 bis
174 882 290 911 mora
323 867 393 910 illa
425 866 659 925 prodesset.
695 863 750 906 Et
783 863 856 905 ille
886 861 1059 920 quidem
1090 869 1237 920 raptus
1267 869 1357 909 est,
1386 875 1443 902 ne

72 938 233 983 malitia
263 946 450 982 mutaret
471 951 548 980 cor
569 934 662 993 ejus
690 952 702 978 ι
725 932 933 977 Dominus
957 941 1100 975 autem
1128 946 1257 990 quem
1283 930 1444 974 malitia
1520 964 1530 971 .

74 1009 224 1054 sacnti
246 1018 416 1053 mutare
434 1022 520 1051 non
547 1013 732 1065 poterat,
750 1019 803 1047 eo
823 1003 938 1047 unde
958 1010 1149 1052 venerat,
1174 1011 1338 1045 natura:
1359 1015 1447 1044 suae

73 1078 295 1137 majestate
320 1077 541 1122 remeavit.
572 1076 733 1120 Siletur
754 1090 857 1118 sane
877 1072 1090 1133 parricida
1106 1072 1247 1116 fratris
1260 1089 1273 1122 3
1302 1085 1445 1129 neque

74 1149 191 1193 enim
222 1148 477 1193 rationabile
498 1155 590 1190 erat
620 1155 667 1190 ut
688 1160 789 1189 eum
819 1145 892 1204 qui
921 1152 1192 1204 percusserat
1226 1141 1446 1192 fratrem¹.'

76 1221 189 1264 iuter
209 1219 382 1264 Domini
408 1226 655 1262 numeraret
677 1224 873 1260 auctores
886 1232 899 1265 ς
923 1229 1024 1259 cum
1047 1215 1237 1258 servulos
1263 1213 1341 1256 iste
1364 1227 1450 1255 ser-

78 1291 253 1340 vaverit.
277 1299 321 1334 ut
342 1289 519 1334 fraterni
542 1304 616 1332 eos
635 1288 819 1331 nominis
836 1287 1001 1330 honore
1023 1285 1203 1329 donaret
1225 1299 1235 1326 :
1259 1284 1338 1327 iste
1359 1298 1448 1326 non

76 1361 329 1411 servaverit,
348 1376 427 1404 nec
451 1360 570 1403 fratri
593 1357 847 1418 pepercerit.
873 1357 957 1400 Sed
988 1372 1068 1400 nec
1095 1356 1203 1400 illud
1230 1356 1414 1400 otiosum
1433 1386 1445 1403 .

78 1434 195 1492 quod
209 1430 314 1477 Seth
334 1431 575 1491 preteritas
590 1445 677 1473 non
696 1428 798 1478 est⁸,
812 1443 941 1487 quem
960 1427 1196 1487 posteriore
1213 1426 1351 1471 Adam
1373 1441 1450 1484 ge-

78 1502 300 1547 neratione
311 1501 522 1560 suscepit:
541 1509 589 1543 ut
615 1515 713 1543 cum
739 1500 834 1542 duae
851 1499 936 1542 sint
954 1498 1103 1558 populi
1123 1497 1417 1557 generationes
1430 1527 1445 1544 ,

80 1574 320 1632 signaretur
338 1573 381 1616 in
398 1580 500 1631 typo
514 1570 736 1615 dominum
752 1569 902 1613 Jesum
916 1568 1134 1612 Christum
1151 1568 1193 1610 in
1211 1566 1448 1626 posteriore

81 1643 223 1703 potius
241 1657 371 1701 quam
402 1641 542 1700 priore
575 1639 849 1699 generatione
872 1639 1200 1682 numerandum.

139 1712 296 1758 XLIX.
329 1711 426 1756 Jam
449 1713 503 1755 de
539 1711 630 1769 ipso
659 1711 798 1755 Adam
821 1710 895 1768 qui
919 1708 1040 1766 juxta
1063 1707 1316 1767 Apostolum
1344 1705 1453 1765 figu-

82 1798 175 1828 ram
205 1782 374 1841 accepit
403 1779 608 1831 ehu-istiu
640 1779 745 1838 quid
773 1779 996 1838 pulchrius
1028 1779 1167 1838 potnit
1194 1777 1449 1826 convenire,

84 1867 214 1912 quam
238 1859 286 1894 nt
310 1858 600 1894 sacro-sancta
621 1850 839 1908 generatio
864 1863 889 1892 a
908 1848 985 1892 Dei
1010 1848 1120 1891 Filio
1150 1848 1386 1906 inciperet.
1409 1856 1455 1891 et

85 1936 221 1980 usqne
238 1922 293 1964 ad
304 1920 383 1963 Dei
398 1919 556 1964 Filium
578 1919 867 1962 deduceretur
886 1934 896 1959 =
916 1926 1173 1975 creatusque
1194 1917 1457 1976 praecederet

86 1994 131 2037 in
154 1991 288 2052 figura
303 2024 316 2040 ,
338 1999 386 2034 ut
407 1999 531 2033 natus
552 1989 595 2032 in
617 1989 796 2031 veritate
825 1997 1078 2047 sequeretur
1101 2002 1112 2030 :
1142 1990 1193 2031 ad
1223 1987 1453 2046 imaginem

86 2062 245 2108 saetns⁵
261 2062 446 2121 praeiret,
464 2069 641 2120 propter
649 2074 778 2118 quem
791 2059 869 2102 Dei
880 2059 1020 2118 imago
1034 2058 1349 2102 descenderet?
1361 2058 1460 2102 Etsi

87 2133 339 2192 mysterium
348 2132 476 2190 primi
489 2130 768 2174 discutiamus
782 2129 959 2180 erroris,
973 2130 1137 2190 lignum
1151 2129 1339 2173 scientiae
1353 2129 1459 2173 boni

89 2214 135 2249 et
147 2204 265 2253 mali,
282 2203 453 2247 saliente
474 2202 666 2252 diabolo,
688 2201 774 2245 Eva
797 2203 1028 2252 suadente,
1053 2201 1125 2245 ille
1143 2199 1351 2260 gustavit‘
1369 2218 1382 2252 ς
1405 2209 1455 2244 ut

91 2275 170 2318 iste
188 2273 311 2318 nobis
338 2274 583 2333 prinsquam
603 2272 732 2315 sciret
752 2273 915 2315 malum
930 2305 943 2321 ‚
967 2272 1145 2330 eligeret
1171 2272 1334 2316 bonum
1350 2304 1362 2321 ‚
1387 2271 1457 2314 di-

91 2346 213 2403 rique
229 2344 436 2402 serpentis
453 2343 626 2386 insidias
640 2342 834 2385 Ecclesia
843 2342 1065 2391 suadente,
1079 2350 1323 2391 evacuaret,
1340 2341 1462 2399 juxta

93 2416 209 2476 quod
233 2409 440 2473 scriptum
466 2422 531 2457 est
552 2429 563 2457 ε
581 2413 823 2467 «Quoniam
847 2412 1096 2471 priusquam
1118 2411 1225 2455 sciat
1250 2427 1359 2470 puer
1383 2411 1459 2454 bo-

94 2507 112 2527 ·
125 2501 229 2531 num
246 2493 320 2529 ant
340 2485 500 2528 malum
514 2515 528 2534 ,
544 2499 631 2528 non
651 2484 799 2527 credet
814 2482 1009 2532 malitiae;
1035 2491 1084 2525 ut
1104 2482 1231 2540 eligat
1252 2482 1367 2540 quod
1386 2481 1443 2525 bo

143 2599 153 2614 ¹
181 2590 268 2623 Gen.
293 2598 324 2624 v.
347 2598 454 2631 ²7·-
477 2586 566 2621 ⁸111.
587 2598 633 2627 nv,
649 2586 736 2621 8.-
750 2586 827 2622 ³1d.
845 2587 979 2628 v.3‚-
1000 2586 1015 2614 ⁴
1036 2585 1135 2621 Boin.
1153 2595 1187 2623 v,
1212 2584 1264 2629 ιζ.
1278 2602 1319 2611 —-
1336 2586 1350 2610 ⁵
1369 2584 1457 2627 Gen.

78 2691 88 2699 ⁵
100 2654 126 2687 ι,
143 2654 195 2692 ²7·
206 2661 249 2669 —
261 2643 279 2667 ⁸
295 2642 349 2677 Id.
365 2653 417 2680 ιιι.
433 2642 468 2680 6.
