1800 3268
387 309 391 313 ’
410 302 488 344 ηό
961 316 992 345 s.
1028 314 1222 345 nunnosn

399 410 503 439 num
535 394 746 436 dicentem
775 392 928 437 latroni
956 393 1156 438 :«Amen
1184 396 1281 439 dico
1303 395 1404 447 tihi,
1434 396 1563 443 hodie
1588 385 1762 446 'mecum

400 486 416 509 »ι
430 467 511 510 eris
529 466 570 507 in
594 462 829 522 paradiso¹.
844 483 860 504 υ
1670 457 1674 460 ’

461 534 574 579 XIV.
610 533 767 576 Plenus
790 533 916 592 igitur
927 533 1051 578 Jesus
1069 535 1228 594 Spiritu
1245 547 1392 582 sancto
1410 538 1615 598 agehatut·
1626 535 1668 584 in
1683 542 1764 585 de-

401 614 561 649 sertum
584 618 596 646 ι
619 603 821 652 consilio,
845 613 892 646 ut
921 605 1140 648 diabolum
1162 617 1439 665 provocaret}
1462 625 1561 654 nam
1586 611 1666 655 nisi
1690 610 1764 656 ille

402 682 621 723 certasset,
639 688 725 716 non
748 673 852 716 mihi
870 674 947 717 iste
964 675 1131 733 vicisset
1152 691 1162 719 ε
1181 677 1403 734 mysterio,
1422 678 1471 721 tit
1486 676 1622 724 Adam
1642 680 1764 725 illum

403 749 455 791 de
471 747 595 791 exilio
611 745 812 788 liberaret
829 760 838 787 :
856 746 1068 803 exempto,
1088 755 1135 790 ut
1152 749 1395 792 ostenderet
1410 749 1532 793 nobis
1543 748 1765 796 'diabolum

402 822 454 862 ad
477 818 650 861 meliora
677 817 950 859 tendentibus
978 817 1192 868 invidere:
1216 827 1259 862 et
1280 821 1385 863 tu‘nc
1417 816 1550 880 magis
1569 822 1662 866 esse
1691 837 1765 867 ca-

401 891 611 938 vendum,
636 903 689 930 ne
715 887 905 945 mysterii
924 889 1103 946 gratiam
1136 891 1302 933 deserat
1335 892 1490 936 mentis
1523 890 1758 938 iufirmitas.

470 958 786 1016 «Quadraginta
812 967 951 1000 autem
979 957 1143 1002 dies².·io

458 1029 554 1074 XV.
591 1029 817 1087 Mysticum
851 1044 1076 1072 numerum
1111 1032 1396 1088 recognoscis.
1431 1033 1513 1078 Tot
1532 1035 1646 1079 enim
1670 1029 1764 1078 die-

403 1101 483 1144 bus
514 1115 642 1158 aquas
678 1099 814 1156 abyssi
840 1098 993 1141 effusas
1024 1115 1115 1142 esse
1146 1100 1419 1152 meministi,
1446 1111 1489 1145 et
1517 1111 1580 1148 tot
1601 1104 1765 1187 jejunio

407 1173 571 1214 dierum
615 1168 880 1212 sanctificato
909 1170 1145 1227 Propheta*
1155 1203 1168 1222 ‚
1199 1172 1381 1215 refusam
1415 1174 1513 1217 coeli
1539 1175 1764 1238 serenioris

400 1257 492 1285 esse
521 1241 805 1284 clementiam.
828 1241 947 1284 Tot
933 1241 1096 1298 jejunio
1122 1243 1287 1286 dierum
1306 1253 1477 1288 sanctus
1492 1243 1660 1306 Moyses
1672 1261 1766 1307 per-

400 1313 640 1372 ceptionem
662 1312 781 1371 Legis
802 1313 1025 1356 emeruit⁶.
1055 1313 1136 1356 Tot
1160 1329 1290 1357 annos
1312 1315 1353 1357 in
1376 1329 1521 1360 eremo
1539 1309 1764 1363 constituti

399 1395 539 1442 patres
572 1396 722 1440 panem
759 1382 1018 1439 Angelorum
1057 1393 1100 1426 et
1122 1385 1305 1428 coelestis
1340 1386 1550 1431 alimoniae
1582 1376 1764 1448 gratiam

401 1452 620 1511 consecuti
649 1452 746 1494 sunt
766 1450 808 1494 ἐ
836 1467 915 1494 nec
947 1462 1171 1511 antequam
1201 1454 1370 1513 mystici
1391 1455 1559 1500 numeri
1596 1458 1764 1519 tempu‘s

399 1523 641 1581 explerent,
669 1531 823 1564 terram
847 1524 1185 1580 repromissionis
1211 1526 1370 1570 intrare
1391 1523 1654 1575 meruerunt.
1679 1524 1765 1576 Tot

396 1592 561 1650 jejunio
584 1590 748 1634 dierum
773 1591 944 1634 Domini
967 1593 1123 1635 nobis
1113 1609 1154 1635 in
1183 1594 1459 1654 Evangeli'um
1486 1594 1707 1657 patescii'
1695 1616 1763 1644 m—

397 1677 577 1721 gressus.
605 1662 726 1704 Unde
746 1662 780 1704 si
802 1662 895 1718 quis
919 1662 1134 1721 Evangelii
1157 1666 1360 1721 gloriam,
1386 1666 1663 1728 fructumque
1691 1679 1763 1714 re'-

397 1817 488 1845 esse
513 1816 597 1843 non
620 1801 747 1842 debet
768 1815 778 1842 τ
797 1803 911 1858 quod
934 1811 976 1844 et
999 1802 1039 1844 in
1061 1803 1174 1861 nge
1196 1804 1379 1862 Moyses,
1405 1814 1448 1849 et
1471 1807 1512 1849 in
1531 1748 1762 1869 Evaffgb'lib

395 1888 472 1915 suo
494 1871 686 1914 Christus
706 1871 924 1928 utriusque
945 1872 1205 1917 Testamenti
1229 1874 1483 1921 auctoritate
1505 1868 1764 1940 praescrffibit

396 1941 521 1984 fidele
543 1941 708 1984 virtutis
737 1956 828 1983 esse
860 1951 1090 1986 certamen.

454 2010 567 2054 XVI.
607 2011 723 2062 Quid
746 2026 843 2053 vero
870 2012 949 2054 sibi
973 2014 1061 2055 vult
1082 2015 1197 2071 quod
1226 2015 1494 2073 Evangelista
1524 2003 1762 2065 Dominum

394 2081 575 2124 esurisse
607 2079 883 2138 significavit,
915 2096 1012 2124 cum
1049 2085 1100 2125 de
1133 2084 1266 2142 Moysi
1300 2094 1426 2144 atque
1463 2087 1564 2131 Eliae
1596 2089 1761 2148 jejunio

395 2151 501 2193 nihil
515 2152 598 2193 tale
617 2151 830 2193 videamus
842 2154 1117 2208 expressum?
1135 2154 1351 2213 Numquid
1365 2157 1585 2202 hominum
1601 2159 1762 2219 patibu-

399 2222 456 2264 tia
483 2222 571 2263 Deo
602 2221 749 2264 sortior
778 2222 870 2264 est?
893 2222 972 2264 Sed
999 2225 1069 2280 qui
1102 2226 1377 2283 quadraginta
1413 2229 1563 2272 dicbus
1596 2231 1759 2275 esurire

397 2307 482 2333 non
506 2291 664 2349 potuit,
685 2293 870 2334 ostendit
892 2308 975 2334 non
1002 2295 1147 2336 cibum
1165 2298 1345 2338 esurisse
1372 2312 1417 2339 se
1442 2300 1658 2358 corporis,
1684 2302 1759 2344 sed

395 2362 573 2404 salutem
595 2376 605 2403 ε
625 2363 751 2404 simul
778 2372 827 2405 ut
844 2364 1130 2405 adversarium
1146 2366 1378 2412 *lacesseret
1398 2367 1484 2424 jam
1509 2369 1752 2421 timentem.

392 2431 464 2488 qui
486 2433 762 2489 quadraginta
786 2434 951 2474 dierum
968 2434 1104 2475 suerat
1121 2433 1284 2491 jejunio
1303 2437 1563 2482 vulneratus.
1590 2438 1644 2483 Et
1659 2440 1756 2484 ideo

392 2502 522 2544 sames
545 2503 716 2545 Domini
753 2504 820 2561 pia
852 2506 966 2546 l'raus
1001 2513 1084 2552 esu
1114 2514 1159 2547 ut
1190 2506 1232 2547 in
1259 2522 1344 2564 quo
1371 2510 1567 2552 diabolus
1590 2509 1754 2569 majora

436 2613 446 2628 ·
468 2605 547 2638 Luc.
567 2617 664 2646 xxiu,
681 2606 736 2644 43.
751 2625 791 2631 -
808 2615 821 2630 ·
842 2607 896 2640 ld.
921 2618 966 2647 ιν,
983 2618 1064 2639 2.-
1081 2610 1095 2631 ³
1111 2610 1269 2649 Gen-vn,
1286 2620 1393 2646 12.—
1406 2616 1421 2642 ⁴
1437 2613 1457 2645 3
1476 2612 1558 2657 Reg-
1578 2622 1648 2653 xix,
1668 2611 1755 2647 80·—

396 2660 411 2683 ⁸
426 2658 660 2702 Exodaxnv,
679 2661 730 2695 28.
747 2679 788 2687 —
803 2662 819 2686 ⁶
843 2661 942 2696 Num.
958 2671 1027 2699 xiv,
1043 2661 1096 2694 32.
