1846 3262
436 304 518 348 262
984 317 1019 348 s.
1057 316 1251 348 Aunosu

438 411 618 457 corpore
652 395 854 440 meritum
873 396 1034 441 occidit
1053 410 1065 440 ε
1087 411 1168 441 nec
1188 404 1414 442 revocatur
1431 396 1485 442 ab
1505 395 1648 443 officio
1666 394 1801 457 patris

434 467 546 511 filius
562 501 573 517 ,
598 468 674 511 sed
697 467 835 511 fidelis
852 483 874 511 a
896 466 1047 527 perfidi
1072 467 1375 511 communione
1395 469 1646 513 secernitur.

493 537 628 583 XLII.
663 536 740 582 Est
763 536 879 583 enim
898 537 1073 597 propria
1095 539 1287 596 quaedam
1313 541 1529 597 sepultura
1557 537 1767 596 justorum
1786 572 1797 588 .

433 609 568 668 qualis
591 609 661 652 illa
688 609 742 652 de
776 624 860 667 qua
899 608 1063 652 dictum
1094 618 1187 653 est:
1215 626 1233 649 ι
1251 610 1353 652 liaec
1378 609 1493 652 enim
1522 610 1696 654 mittens
1717 609 1801 654 boc

435 688 733 739 nunguentum
765 681 809 723 in
845 695 1002 740 corpus
1033 695 1208 731 meum.
1238 681 1293 725 ad
1312 681 1603 739 sepeliendum
1636 694 1707 724 me
1738 680 1802 724 ss-

439 750 526 796 »cit
547 749 561 774 ⁵
586 767 600 802 ς
623 769 641 792 ι
670 759 715 794 et
742 750 838 794 ideo
877 751 950 810 qui
988 751 1104 795 bona
1126 749 1212 794 fide
1238 751 1281 794 in
1309 765 1355 794 se
1380 749 1532 810 sepelit
1551 749 1769 797 Christum
1788 782 1798 800 .

436 829 485 864 ut
509 835 610 864 cum
637 835 691 864 eo
720 829 937 879 resurgat,
959 820 1116 865 diaboli
1138 819 1362 879 perfidiam
1382 820 1427 864 in
1446 835 1494 864 se
1514 820 1695 879 sepelire
1715 835 1803 864 non

438 891 579 946 debet.

493 961 647 1006 XLIII.
682 961 758 1007 Est
776 970 821 1006 et
845 962 916 1006 illa
941 962 1215 1022 prophetica,
1241 970 1290 1006 ut
1308 977 1438 1022 supra
1452 963 1648 1021 sepulcra
1664 961 1803 1020 majo-

437 1048 534 1076 rum
565 1034 761 1092 quaedam
797 1049 1031 1092 ponamus,
1069 1050 1163 1092 quae
1188 1035 1325 1078 lector
1348 1033 1542 1092 agnoscis
1556 1032 1594 1085 ¹,
1618 1032 1805 1078 infidelis

439 1104 675 1163 intelligere
692 1119 780 1148 non
798 1104 928 1149 debet
943 1119 957 1148 e
978 1118 1066 1148 non
1088 1105 1205 1163 quod
1230 1105 1352 1148 cibus
1379 1104 1615 1162 imperetur
1640 1114 1712 1147 aut
1735 1119 1806 1162 po-

438 1182 529 1223 tus.
556 1175 632 1218 sed
652 1189 785 1218 sacrae
803 1174 1030 1218 oblationis
1048 1176 1292 1218 veneranda
1308 1173 1555 1219 communio
1573 1174 1801 1216 reveletur.

438 1244 532 1289 Non
553 1258 656 1304 ergo
675 1245 954 1290 interdictum
979 1255 1047 1290 est
1071 1246 1284 1295 muneris,
1311 1247 1386 1289 sed
1410 1244 1626 1304 religionis
1651 1253 1808 1302 myste-

438 1315 577 1367 rium,
609 1317 960 1361 communionem
998 1317 1122 1361 nobis
1157 1332 1256 1360 cum
1286 1316 1487 1375 gentibus
1517 1315 1699 1360 mortuis
1721 1330 1807 1359 non

440 1386 641 1431 futuram.
669 1387 777 1432 Nam
797 1388 898 1431 cum
920 1399 1186 1432 sacramenta
1209 1388 1401 1431 vivorum
1422 1387 1534 1438 sint,
1557 1401 1643 1431 non
1666 1385 1810 1431 viden-

442 1466 513 1500 tur
534 1458 720 1509 mortui,
745 1459 819 1517 qui
841 1458 1003 1502 habent
1026 1459 1172 1509 vitam.

511 1527 648 1582 «Ecce
665 1543 744 1587 ego
767 1528 891 1572 mitto
914 1543 986 1573 vos
1011 1530 1122 1572 sicut
1140 1544 1268 1587 agnos
1291 1528 1404 1572 inter
1423 1525 1623 1587 lupos⁸.»

499 1596 649 1641 XLIV.
671 1597 739 1640 Ad
759 1598 1025 1656 septuaginta
1048 1599 1278 1656 discipulos
1300 1598 1516 1648 dieit.hos
1538 1612 1649 1655 quos
1671 1597 1813 1655 desig-

441 1668 579 1715 navit.
604 1677 649 1712 et
686 1669 802 1712 misit
828 1669 949 1716 binos
979 1679 1077 1729 ante
1105 1669 1259 1713 faciem
1283 1684 1430 1713 suam.
1460 1668 1515 1712 Et
1533 1684 1619 1726 qua
1647 1668 1814 1713 ratione

443 1739 568 1784 binos
589 1740 734 1784 misiti’
748 1741 858 1794 Quia
871 1741 972 1784 hina
990 1742 1118 1784 missa
1134 1750 1234 1784 sunt
1250 1740 1446 1784 animalia
1462 1739 1506 1783 in
1524 1739 1708 1788 aream&
1732 1741 1813 1785 hoc

444 1818 531 1860 est,
562 1825 663 1854 cum
690 1826 810 1855 mare
828 1810 1001 1855 soemina
1028 1826 1039 1854 ε
1066 1812 1290 1854 immunda
1322 1826 1401 1869 per
1429 1820 1660 1854 numerum
1694 1811 1810 1867 (42)³

445 1881 522 1924 sed
546 1881 750 1925 mundata
777 1882 978 1925 Ecclesiae
1000 1890 1284 1926 sacramento.
1312 1880 1443 1933 Quod
1467 1880 1731 1938 completum
1744 1888 1815 1939 ,est

445 1953 620 1996 oraculo
640 1953 758 2010 quod
782 1962 956 1996 sanctus
976 1952 1126 1996 Petrus
1147 1952 1317 2011 accepit
1330 1984 1342 2002 ‚
1365 1952 1535 1995 dicente
1551 1950 1632 1995 sibi
1654 1949 1817 2008 Spiritu

449 2030 596 2066 sancto
610 2037 622 2066 x
638 2040 655 2062 ι
666 2023 796 2076 Quod
809 2023 924 2067 Deus
939 2024 1181 2073 mundavit,
1197 2032 1245 2065 tu
1262 2038 1316 2066 ne
1333 2036 1563 2065 commune
1580 2021 1771 2065 dixeris&
1790 2040 1808 2061 ι

446 2093 498 2136 Et
514 2094 676 2137 adverti
699 2095 862 2138 dictum
888 2108 981 2138 esse
1001 2097 1054 2138 de
1076 2095 1274 2153 gentibus
1289 2127 1300 2143 ‚
1327 2108 1422 2150 quae
1445 2106 1661 2150 corporeas
1685 2092 1817 2151 mugit

448 2164 731 2221 generationis
751 2165 1066 2208 successionem
1080 2179 1207 2222 quam
1221 2163 1417 2222 spiritalis
1426 2162 1571 2220 gratim
1582 2162 1817 2219 sequeban-

451 2243 533 2279 tur,
571 2236 658 2279 Hos
687 2235 909 2279 mundavit
941 2235 1175 2285 Dominus,
1206 2244 1250 2278 et
1275 2234 1480 2292 passionis
1497 2249 1584 2277 suae
1604 2233 1707 2277 fecit
1729 2233 1817 2280 hae-

452 2305 590 2349 redes.

504 2374 634 2421 XLV.
675 2377 845 2422 Mittens
876 2387 978 2436 ergo
994 2375 1234 2435 Discipulos
1269 2375 1311 2417 in
1345 2390 1527 2420 messem
1549 2389 1669 2419 suam
1688 2407 1699 2422 .
1723 2390 1818 2431 ques

451 2447 553 2492 licet
571 2447 703 2491 verbo
722 2447 800 2492 Dei
821 2447 969 2496 insita;
994 2456 1135 2490 tamen
1152 2448 1332 2489 culturae
1349 2446 1569 2494 laborem,
1593 2453 1638 2488 et
1657 2444 1820 2488 sollici-

446 2525 538 2562 tum
567 2530 722 2570 munus
743 2518 924 2576 operarii
949 2517 1221 2576 requirebam
1247 2532 1302 2559 ne
1330 2531 1428 2560 aves
1454 2515 1552 2560 coeli
1579 2529 1728 2573 sparsa
1754 2527 1816 2557 se·

442 2625 450 2631 '
496 2628 509 2666 ’ἴ
524 2619 752 2660 Matthaxn,
770 2631 822 2654 ιιι.
839 2638 879 2647 -
898 2630 912 2646 ·
927 2620 1015 2658 Tob.
1030 2630 1076 2660 nv,
1094 2620 1144 2658 ιδ.
1161 2637 1203 2645 -
1220 2622 1235 2645 ³
1251 2620 1332 2653 Luc.
1349 2630 1384 2660 x,
1399 2619 1436 2652 8.
1451 2636 1494 2651 -,
1515 2620 1531 2647 ⁴
1546 2616 1630 2652 Gen.
1650 2627 1697 2650 vn
1709 2638 1722 2658 ,
1737 2629 1818 2660 9.-

462 2677 477 2701 ⁸
495 2674 572 2709 Act.
588 2684 625 2715 x,
639 2674 692 2706 15.
