1800 3268
388 403 468 447 106
929 410 960 441 s.
1002 410 1197 442 Διιιιιιοειι

381 495 536 553 Moysi,
562 501 609 535 ut
635 506 780 536 semen
813 490 1005 536 defuncti
1037 489 1219 551 proximi
1249 488 1504 541 suscitaret,
1542 503 1637 534 eam
1669 486 1750 534 sibi

383 565 509 623 elegit
534 578 723 607 uxorem.

441 635 626 681 XXXII.
663 633 808 679 Refert
831 642 973 677 autem
996 634 1217 678 advertere
1237 612 1354 691 quod
1369 639 1415 676 et
1440 630 1485 689 in
1508 645 1618 691 agro
1622 603 1752 691 pleno

382 704 725 766 messisrepcrta¹
736 703 1014 763 ,manipulos‚
1023 703 1134 746 sicut
1146 703 1443 761 scriptumest,
1462 688 1694 760 colligens,
1709 709 1755 745 et

384 777 526 821 socrui
546 776 713 820 fructus
734 790 979 824 reservans,
1007 782 1051 818 et
1075 789 1161 825 non
1182 781 1279 832 post
1306 773 1506 830 juvenem
1527 770 1659 830 abiit,
1675 771 1756 823 ,sed

383 849 520 893 virum
537 847 776 908 perfectum
793 854 941 891 secuta.
954 853 1037 898 est,
1055 847 1170 905 unde
1186 854 1229 888 et
1243 843 1401 890 meruit
1421 842 1569 902 audire
1587 857 1599 886 :
1614 841 1756 901 unia

385 939 402 962 ι
414 919 570 963 mulier
589 917 755 962 virtutis
772 933 816 961 es
835 926 878 960 tu
895 934 907 967 ;
926 917 994 960 vel
1009 916 1109 975 quia
1132 916 1243 959 bene
1263 914 1400 958 fecisti
1417 911 1756 958 misericordiam

386 999 534 1034 »tuam
571 988 867 1036 novissimam,
901 988 997 1046 plus
1033 1002 1162 1046 quam
1199 986 1380 1045 primam
1398 984 1431 1029 ².
1464 1003 1481 1027 ι
1516 981 1755 1043 Nevistima

387 1062 502 1105 enim
536 1059 828 1104 misericordia
861 1058 1064 1103 Ecclesiae
1098 1065 1366 1117 congregatae
1397 1064 1571 1116 praestat
1603 1053 1750 1115 priori.

387 1132 517 1185 Quod
539 1130 710 1174 brevius
730 1129 801 1173 bic
820 1129 1004 1173 dicimus
1021 1127 1054 1179 ³,
1072 1128 1169 1187 quia
1198 1127 1363 1186 plenius
1380 1126 1422 1170 in
1446 1125 1575 1180 libris!
1588 1123 1760 1184 digessi-

390 1217 486 1244 mus
524 1215 631 1258 quos
669 1200 722 1243 de
754 1198 860 1242 Fide
896 1198 1060 1256 scripsi.
1101 1196 1472 1256 Appropinquavit
1507 1204 1654 1251 autem⁴
1684 1194 1759 1254 qui

391 1272 518 1329 longe
543 1277 656 1319 erat;
685 1269 783 1327 quia
811 1269 1025 1328 elongavit
1056 1268 1129 1327 qui
1158 1268 1377 1327 proximus
1396 1275 1511 1317 erat,
1534 1276 1579 1325 et
1599 1267 1759 1323 calcea-

392 1350 584 1384 mentum
613 1340 815 1399 proximi,
851 1341 1032 1383 muliere
1063 1339 1288 1396 acquisivit
1318 1345 1514 1396 accepta.⁷
1532 1337 1623 1381 Mos
1643 1337 1760 1396 enim

393 1422 484 1456 erat
511 1420 558 1455 ut
580 1411 651 1469 qui
675 1411 892 1469 proximus
918 1401 1120 1460 erat⁴‚'si
1147 1410 1279 1452 nollet
1310 1408 1507 1467 accipere
1533 1407 1578 1465 in
1606 1406 1775 1465 conju--

394 1483 509 1541 gium
534 1481 816 1540 propinquam
850 1495 993 1529 suam,
1024 1480 1365 1523 calceamentum
1402 1478 1760 1526 suum-solveret,

393 1562 437 1596 et
459 1553 527 1596 alii
543 1553 715 1595 cederet
733 1567 743 1594 ε
768 1550 810 1593 in
829 1566 914 1608 quo
933 1566 1019 1593 nen
1041 1550 1258 1593 mediocre
1274 1549 1556 1609 mysterium,v
1571 1564 1623 1592 eo
1645 1548 1763 1607 quod

395 1623 428 1665 is
449 1622 520 1680 qui
544 1622 824 1680 alienigenam
840 1622 884 1664 in
909 1630 1011 1680 typo
1034 1620 1241 1679 sumpsit,
1256 1619 1575 1679 evangelizandi
1597 1616 1764 1677 accepit

320 1694 324 1696 ’
395 1693 658 1737 facultatem.

453 1763 660 1808 XXXIII.
696 1762 929 1820 Denique’
917 1777 961 1805 m
997 1770 1099 1820 typo
1128 1761 1207 1805 has
1235 1760 1365 1804 fuisse
1380 1759 1559 1821 nuptias
1583 1766 1765 1805 testatur

396 1834 640 1878 benedictio
659 1833 875 1876 seniorum
895 1833 1160 1876 dicentium·
1188 1832 1300 1876 «Det
1315 1831 1524 1875 Dominus
1539 1829 1765 1874 mulierem

396 1924 412 1945 »
427 1920 520 1963 quae
542 1905 672 1948 intrat
695 1904 737 1946 in
759 1905 937 1946 domum
954 1911 1091 1953 tuam,
1111 1904 1221 1946 sicut
1233 1902 1410 1952 Rachel,
1434 1909 1478 1945 et
1499 1899 1765 1958 simil-iam.

397 1997 413 2018 »
426 1992 520 2035 quae
539 1974 862 2020 aedificaverunt
891 1976 1067 2018 domum
1094 1974 1247 2024 Israe'l,
1272 1980 1315 2016 et
1336 1973 1478 2018 facere
1497 1971 1702 2029 virtutem
1720 1969 1769 2020 in,

400 2046 615 2105 »Ephrata
637 2061 647 2088 :
671 2054 715 2088 et
734 2044 787 2088 sit
813 2059 971 2088 nomen
994 2044 1037 2087 in
1058 2043 1312 2088 Bethlehem
1330 2058 1341 2086 τ
1365 2051 1411 2086 et
1429 2041 1505 2086 fiat
1525 2043 1679 2102 domus
1694 2049 1768 2090 tua

397 2118 538 2162 »sicut
564 2117 716 2159 domus
744 2114 902 2159 Phares
918 2147 930 2165 ,
964 2130 1094 2172 quem
1119 2115 1285 2174 peperit
1315 2114 1502 2158 Thamar
1527 2112 1670 2158 Judae.
1702 2113 1768 2175 Rq

399 2188 590 2232 »semine
610 2196 684 2230 tuo
706 2187 778 2229 det
804 2186 882 2228 tibi
904 2185 1112 2228 Dominus
1144 2201 1197 2229 ex
1226 2185 1309 2230 hac
1339 2184 1494 2244 puella.
1520 2183 1770 2244 Etaccepit

396 2261 540 2304 »Booz
561 2257 677 2303 Ruth
693 2291 705 2308 ‚
730 2264 774 2300 et
794 2256 904 2299 facta
931 2265 996 2299 est
1017 2256 1056 2299 ei
1079 2255 1122 2298 in
1144 2254 1516 2305 matrimonium⁵,
1535 2274 1553 2299 ι
1573 2263 1617 2299 et
1637 2269 1768 2315 pepeae

399 2329 455 2373 rit
471 2329 597 2373 obed
617 2336 780 2388 patrem
803 2327 944 2376 Jesse,
975 2341 1099 2369 avum
1122 2325 1273 2369 David.
1299 2325 1431 2370 Recte
1453 2323 1581 2384 igitur
1597 2333 1770 2382 sanctus

398 2399 619 2444 Matthaeus
635 2415 711 2459 per
727 2398 1005 2456 Evangelium
1022 2404 1168 2456 gentes
1190 2397 1245 2440 ad
1262 2397 1498 2453 Ecclesiam
1519 2405 1768 2448 vocaturus,

399 2478 621 2513 auctorem
641 2469 779 2528 ipsum
799 2467 1032 2511 Dominum
1051 2466 1219 2526 gentilis
1237 2465 1772 2526 congregationis.‚‚aliqui-.

395 2555 605 2599 genarum
641 2538 966 2598 gehen-ationem
1001 2536 1240 2596 secundum
1277 2552 1479 2595 carnem..
1495 2533 1772 2597 23⁸qu

396 2608 675 2659 memoravit3
695 2617 744 2652 ut
765 2608 853 2667 jam
874 2617 977 2651 tunc
999 2615 1111 2651 esset
1128 2607 1336 2651 iudicium
1362 2607 1481 2667 quod
1495 2607 1571 2678 illa
1587 2621 1769 2672 genera-

445 2722 454 2737 ·
478 2711 580 2745 Ruth.
599 2722 639 2752 ιι,
660 2722 713 2755 ¹7·
729 2728 771 2737 ·-
788 2722 801 2736 ²
822 2711 874 2744 ld.
895 2722 950 2750 ιιι,
969 2722 1016 2744 ιο.
1034 2728 1075 2736 -
1089 2711 1105 2736 ³
1119 2710 1195 2745 Lib.
1211 2711 1230 2742 3
1245 2711 1295 2744 De
1308 2708 1372 2744 fide
1385 2709 1426 2744 ad
1443 2708 1596 2744 Grati-n.
1624 2718 1657 2743 c.
1674 2708 1708 2740 5.
1728 2723 1772 2732 -

397 2785 438 2795 -
453 2769 469 2797 4
487 2766 586 2802 Ruth.
602 2777 649 2807 ιν,
667 2778 698 2810 7.
718 2785 760 2793 —
775 2767 789 2790 ⁸
811 2766 903 2801 lbid.
923 2766 1039 2801 11-13.
