1846 3262
397 286 480 337 248
948 299 979 329 s.
1020 296 1214 327 Aunnosu

393 377 592 434 quoniam
626 390 725 420 cum
759 375 826 419 sit
838 375 952 420 Deus
972 375 1216 424 Abraham,
1240 374 1380 425 Isaac,
1419 383 1462 418 ct
1485 373 1648 426 Jacob.
1671 380 1756 420 no'n

392 449 539 505 utique
560 455 825 490 mortuorum
846 456 910 492 est
929 446 1068 496 Deus,
1087 447 1161 489 sed
1177 445 1437 488 viventium¹

450 515 501 559 V.
540 518 685 573 ltaque
717 532 802 559 non
835 518 887 559 de
915 531 1025 566 uno,
1053 514 1126 559 sod
1157 517 1211 558 de
1248 516 1441 573 pluribus
1466 515 1596 566 dicit3
1621 531 1760 576 nequo

390 588 505 631 enim
535 589 685 631 Potius
717 596 911 631 mortuus
942 595 1025 637 est,
1056 587 1125 630 cui
1146 586 1265 644 juxta
1287 587 1555 631 Dominicam
1578 597 1761 632 senten-

391 659 492 702 tiam
515 658 637 702 inferi
660 667 782 716 porta
809 659 1037 716 praevalere
1060 671 1145 699 non
1173 655 1362 714 potuit2.
1399 656 1488 701 Nec
1508 657 1762 717 Jacobusnet

388 730 577 772 Joannes
599 729 758 771 mortui
777 727 852 770 filii
872 725 1108 791 Tonnitruiffi
1127 726 1282 784 quibus
1299 725 1342 768 in
1364 741 1487 769 usum
1516 726 1662 787 gloriae
1679 741 1763 771 οω-

389 800 505 845 lestis
538 800 764 858 assumptis
794 813 881 841 non
917 799 1147 856 praevalent
1175 801 1370 846 terrena,
1401 798 1478 841 sod
1511 797 1759 855 subjacent.

389 871 491 914 Esto
518 885 591 927 ew„
579 885 618 911 o
654 878 696 912 et
730 877 775 911 tu
810 868 983 918 Petrus,
1016 868 1221 916 dovotus,
1253 865 1412 916 fidelis,
1450 865 1681 924 pacificus·
1714 876 1765 912 ut

389 949 533 999 portas
555 904 591 982 lo]
595 939 757 982 εοὶεείᾞ
780 939 965 997 aperias,
990 945 1030 981 et
1052 946 1197 996 portas
1218 936 1367 979 mortis
1393 935 1560 980 evadas.
1587 936 1690 980 Esto
1709 935 1764 979 fi-

394 1010 698 1055 liusTonitrui.
717 1009 861 1053 Dicis:
879 1009 1112 1061 Quomodo
1130 994 1766 1066 possumossefiliiisTonitruii’

389 1083 516 1126 Potes
529 1097 637 1130 esse,
654 1081 686 1123 si
704 1080 843 1123 nonin
862 1088 988 1130 terra,
1008 1079 1138 1122 sedin
1155 1085 1334 1136 pectore
1348 1077 1504 1120 Christi
1522 1077 1759 1121 recumbam

394 1154 519 1196 Potes
544 1167 635 1194 csso
664 1151 773 1193 filius
801 1150 999 1193 Tonitrui
1022 1150 1055 1192 si
1081 1157 1121 1192 te
1145 1157 1312 1191 terrena
1342 1163 1426 1191 non
1444 1156 1668 1199 moveant,
1692 1148 1768 1191 sed

391 1225 480 1280 ipse
505 1222 646 1280 potius
667 1237 715 1263 ea
736 1237 828 1278 quae
848 1229 1015 1263 terrena
1034 1229 1147 1269 sunt,
1167 1219 1321 1262 mentis
1340 1227 1420 1261 tuae
1436 1218 1592 1262 virtuto
1615 1232 1769 1263 concu-

391 1295 484 1336 tias.
511 1294 687 1337 Tremat
710 1301 751 1335 to
775 1301 912 1341 terra,
936 1306 1023 1334 non
1049 1291 1187 1349 capiat
1208 1305 1218 1333 :
1243 1298 1441 1333 vereatur
1460 1305 1558 1333 caro
1584 1298 1764 1349 potesta·

392 1376 480 1408 tem
503 1366 633 1407 animi
659 1364 743 1416 tui,
766 1372 809 1406 et
831 1376 1039 1406 concussa
1059 1362 1280 1404 subdatur.
1307 1361 1400 1404 Eris
1423 1360 1533 1405 filius
1554 1361 1766 1411 Tonitrui,

393 1437 427 1478 si
452 1435 581 1476 fueris
607 1433 718 1476 filius
740 1433 955 1476 Ecclesiae,
982 1432 1106 1475 Dicat
1139 1439 1182 1474 et
1219 1431 1296 1474 tibi
1329 1432 1382 1474 de
1405 1431 1598 1490 patibulo
1630 1431 1770 1475 crucis

397 1505 590 1548 Christus
618 1521 660 1547 :a
682 1505 796 1546 Ecce
819 1512 956 1545 mator
982 1510 1053 1545 tua
1070 1501 1101 1545 ⁴.
1130 1522 1146 1540 n
1161 1501 1286 1545 Dicat
1309 1510 1351 1544 et
1379 1502 1579 1545 Ecclesiae
1597 1518 1607 1544 t
1625 1520 1642 1541 ι
1659 1502 1773 1546 Ecce

396 1595 412 1614 n
427 1574 538 1618 filius
562 1573 680 1617 tuus⁵
701 1591 713 1623 ;
740 1592 756 1614 n
770 1582 872 1616 tunc
888 1573 1001 1615 onim
1024 1572 1175 1630 incipis
1196 1586 1287 1614 esse
1309 1570 1421 1614 filius
1441 1571 1771 1620 Ecclesiae,cum

395 1647 437 1689 in
474 1641 604 1688 eruco
643 1645 850 1687 victorem
892 1642 1048 1685 videris
1083 1642 1315 1685 Christum.
1357 1641 1463 1684 Nam
1494 1641 1567 1698 qui
1595 1654 1772 1684 crucem

396 1717 643 1760 scandalum
661 1723 799 1774 putat,
821 1714 996 1756 Judaeus
1016 1721 1095 1762 est,
1118 1712 1321 1754 Ecclesiae
1339 1710 1450 1754 filius
1474 1725 1558 1754 non
1581 1719 1643 1754 cst
1666 1726 1678 1754 ε
1697 1712 1772 1769 qui

398 1802 572 1832 crucem
590 1786 810 1830 stultitiam
829 1793 966 1843 putat,
989 1783 1164 1826 Graecus
1186 1791 1262 1825 est.
1285 1782 1361 1825 lllo
1381 1790 1523 1824 autem
1543 1790 1609 1824 ost
1625 1782 1769 1826 Eccle-

397 1860 467 1903 siae
501 1859 637 1909 filius,
677 1858 748 1915 qui
788 1871 960 1899 crucem
1003 1854 1269 1913 triumphum
1302 1862 1454 1912 putat,
1489 1853 1561 1911 qui
1592 1868 1768 1898 crucem

398 1928 555 1974 Christi
583 1928 884 1986 triumphantis
909 1926 1113 1985 agnoscit.
1669 1917 1672 1921 ⁴

453 2000 525 2045 Vl.
563 2001 674 2058 Ergo
709 2009 757 2042 ut
794 1999 900 2042 scias
933 1997 1031 2055 quia
1059 1996 1235 2044 Petrus,
1270 1995 1486 2043 Jacobus,
1510 2003 1552 2038 et
1576 1994 1770 2040 Joannes

399 2081 582 2116 mortem
605 2085 691 2114 non
723 2076 1028 2127 gustaverunt,
1063 2065 1242 2124 gloriam
1276 2064 1601 2107 resurrectionis
1623 2065 1773 2109 videro

398 2148 675 2189 merum-unu
699 2140 809 2182 solos
829 2138 943 2180 enim
979 2146 1062 2179 tres
1091 2136 1191 2178 istos
1220 2142 1317 2193 post
1346 2135 1439 2177 haec
1461 2134 1551 2177 sere
1574 2135 1704 2178 verba
1726 2135 1771 2180 in

401 2214 552 2257 diebus
570 2223 668 2254 octo
686 2208 928 2266 assumpsit,
947 2214 990 2249 ct
1006 2205 1125 2248 duxit
1141 2205 1182 2247 in
1204 2211 1408 2247 montem.
1434 2204 1550 2256 Quid
1570 2213 1634 2248 est
1650 2204 1768 2263 quod

401 2284 478 2326 iste
496 2282 598 2325 dicit
618 2296 627 2323 :
646 2298 660 2319 α
680 2281 727 2322 In
746 2278 896 2322 diebus
917 2285 1015 2320 octo
1038 2275 1233 2334 posthaec
1250 2273 1396 2316 verba‘
1414 2273 1460 2316 Ρ»
1475 2273 1536 2317 Ne
1549 2275 1656 2318 sorte
1667 2273 1766 2332 quia

399 2355 434 2397 is
462 2353 535 2411 qui
556 2352 685 2395 verba
716 2349 872 2392 Christi
896 2347 1014 2390 audit
1042 2355 1085 2389 et
1114 2345 1277 2394 credit,
1311 2346 1636 2388 resurrectionis
1656 2353 1768 2389 tem-

399 2439 504 2484 pore
521 2423 697 2482 gloriam
719 2420 876 2462 Christi
900 2418 1057 2461 videbit
1074 2434 1085 2467 3
1110 2425 1257 2459 octava
1270 2417 1392 2470 ,enim
1410 2417 1476 2459 die
1498 2417 1609 2460 sacta
1625 2425 1693 2460 ost
1708 2432 1771 2460 ro·

399 2495 622 2544 surrectim
633 2493 748 2536 unde
758 2500 801 2535 et
813 2491 1003 2549 plerique
1014 2490 1166 2532 Psalmi
1179 2489 1221 2531 in
1231 2497 1423 2532 octavam
1440 2487 1767 2533 inscribuntur'.

449 2595 457 2610 ¹
482 2585 600 2619 Matth.
620 2595 700 2620 χιιι,
719 2584 774 2617 5².
790 2600 831 2607 —
849 2592 861 2607 ⁸
883 2581 937 2615 1d.
952 2592 1024 2620 xvi,
1042 2579 1090 2614 18.
1103 2598 1142 2604 —
1159 2581 1174 2604 ³
1190 2581 1295 2612 Marc.
1311 2590 1361 2617 ιιι.
1383 2570 1479 2623 i7.—
1494 2580 1618 2613 GJonn.
1635 2590 1700 2616 ιη,
1717 2588 1768 2623 17.

404 2660 443 2668 —
466 2644 478 2666 ⁵
500 2640 588 2674 lhid.
606 2640 660 2673 26.
676 2658 714 2664 —
732 2641 746 2662 ⁶
764 2640 843 2672 Luc.
867 2649 915 2677 ix,
931 2637 1028 2669 28.—
1048 2642 1060 2665 ⁷
1076 2636 1160 2672 Psal.
1175 2646 1205 2667 v·
1223 2640 1254 2668 et
1267 2646 1315 2668 xi.
