1800 3268
387 315 404 344 ι
414 300 469 359 76
931 311 964 342 s.
1004 309 1200 341 Aunnosn

382 412 398 434 »
411 391 601 436 eorum¹.
621 409 638 430 ι»
650 391 753 435 Ideo
768 390 870 435 dicit
884 390 1131 451 Apostolus:
1145 411 1162 432 ι
1175 391 1414 436 Imitatores
1430 391 1516 436 mei
1529 383 1706 438 estote⁵.
1723 411 1742 435 ι

378 464 479 508 Vult
507 478 582 506 nos
610 463 868 506 delictorum
892 463 1139 507 meminisse
1170 473 1431 506 nostrorum.
1471 463 1628 507 Paulus
1664 478 1752 508 non

382 533 568 576 habebat
599 532 714 590 quod
742 533 934 591 lugeret,
965 548 1017 576 ex
1047 548 1133 591 quo
1163 534 1206 576 in
1236 533 1453 577 Christum
1479 532 1754 593 credidihet

384 613 527 646 tamen
538 603 678 662 priora
691 602 878 646 deflebat
895 604 1041 647 dicens
1062 619 1106 647 τι
1120 604 1231 656 Quia
1241 593 1429 647 nonsum
1441 604 1593 663 dignus
1611 604 1752 648 vocari

362 673 670 733 '»Apostolus;
696 674 793 732 quia
828 684 1076 732 persecutus
1110 690 1203 718 sum
1235 675 1470 719 Ecclesiam
1493 675 1615 720 Dei⁸.
1637 694 1655 717 ι
1677 675 1754 719 lue.

380 746 507 804 igitur
539 756 740 803 peccator
774 754 872 788 ante
904 744 1063 796 fidem,
1098 761 1173 789 nos
1207 762 1308 789 vero
1345 747 1486 790 adhuc
1520 760 1752 807 peccamus

381 826 477 875 post
498 815 638 860 fidem.
667 816 750 869 Qui
770 825 971 874 peccator
987 827 1074 867 est,
1102 817 1257 860 defleat
1283 834 1351 868 se,
1376 827 1419 862 et
1443 827 1592 877 arguat
1614 833 1686 868 seg
1706 826 1752 862 ut

381 887 452 931 fiat
475 888 612 945 justus
639 903 648 930 ε
675 905 691 927 α
707 887 877 937 Justus,
900 887 1014 931 enim
1030 921 1041 938 ,
1061 897 1286 932 accusator
1302 895 1366 933 est
1387 890 1497 935 sui‘.
1518 908 1536 932 ι

442 959 548 1003 LVI.
586 959 794 1003 Ordinem
815 959 944 1018 igitur
962 975 1286 1018 persequamur,
1311 962 1406 1019 quia
1426 963 1632 1022 scriptum
1657 973 1748 1009 est:

397 1050 414 1071 α
432 1031 636 1075 Ordinato
658 1031 699 1073 in
722 1046 792 1074 me
814 1031 1111 1075 charitatem⁵.
1137 1033 1354 1091 »Deposui
1375 1042 1618 1092 peccatum,
1641 1043 1752 1079 tem·

382 1103 527 1162 peravi
558 1117 724 1151 mores,
763 1102 916 1146 delicta
950 1103 1133 1146 deflevi:
1169 1105 1332 1148 esurire
1363 1105 1522 1164 incipio
1557 1114 1600 1150 et
1629 1107 1752 1151 sitire

384 1172 605 1231 justitiam.
634 1173 762 1231 AEger
778 1173 893 1215 enim
917 1188 1016 1216 cum
1039 1173 1083 1216 in
1105 1174 1221 1233 gravi
1248 1176 1404 1220 morbo
1432 1185 1522 1226 est,
1549 1191 1635 1221 non
1653 1193 1753 1222 esu·

383 1243 464 1293 rit;
493 1244 591 1302 quia
611 1243 873 1302 {egritudinis
906 1245 1032 1288 dolor
1054 1244 1209 1289 samem
1233 1245 1437 1290 excludit.
1461 1245 1664 1306 Sed'quae
1690 1257 1753 1292 est

385 1313 463 1356 ista
486 1313 617 1357 fames
634 1313 805 1370 justitiae
821 1313 841 1356 Ρ
857 1313 943 1367 Qui
960 1322 1059 1357 sunt
1077 1314 1142 1357 isti
1159 1330 1290 1374 panes
1305 1330 1416 1375 quos
1433 1316 1566 1360 esurit
1582 1316 1754 1375 justus?

387 1384 450 1429 Ne
484 1384 592 1428 forte
614 1399 744 1443 panes
775 1384 835 1428 ilii
861 1386 913 1427 de
935 1385 1092 1443 quibus
1116 1385 1280 1429 dietum
1302 1395 1367 1430 est
1388 1402 1399 1430 ε
1428 1386 1638 1432 «Juvenis
1665 1387 1748 1439 sui,

387 1464 461 1500 »et
496 1456 642 1506 senui,
675 1464 718 1499 et
751 1470 837 1499 non
872 1456 957 1499 vidi
990 1456 1151 1513 justum
1189 1458 1466 1509 derelictum,
1496 1473 1577 1511 nec
1605 1475 1752 1504 semen

386 1548 403 1568 n
417 1527 510 1585 ejus
531 1541 723 1585 quaerens
740 1526 935 1586 panem⁶.
954 1545 971 1568 v
985 1527 1071 1581 Qui
1093 1529 1244 1579 esurit,
1261 1530 1410 1588 utique
1429 1530 1584 1574 virium
1602 1532 1754 1590 quaerit

387 1607 678 1659 augmentum.
715 1597 844 1650 Quod
873 1605 1014 1641 autem
1047 1598 1185 1657 majus
1217 1599 1385 1644 virtutis
1410 1595 1750 1653 incrementum.

386 1687 514 1733 quam
538 1684 688 1714 norma
709 1667 913 1726 justitiaei’

448 1741 575 1786 LVII.
609 1740 709 1784 Post
728 1738 804 1783 hos
824 1754 834 1782 ε
863 1757 880 1778 ι
897 1739 1041 1791 Beati,
1065 1739 1230 1798 inquit,
1259 1742 1610 1795 misericordes⁷3
1633 1762 1650 1785 ι
1669 1743 1753 1804 jus-

386 1815 523 1860 titiam
563 1811 678 1854 enim
713 1809 906 1866 sequitur
939 1810 1244 1855 misericordia.
1294 1813 1415 1857 Unde
1457 1815 1623 1859 dictum
1653 1825 1749 1866 est:

399 1904 418 1927 α
433 1880 639 1941 Dispersit
658 1914 669 1931 ,
694 1880 813 1923 dedit
831 1880 1112 1938 pauperihus,
1132 1882 1293 1940 justitia
1310 1883 1403 1942 ejus
1417 1895 1562 1930 manet
1577 1887 1620 1930 iu
1635 1894 1753 1931 aeter-

386 1975 404 2000 n
418 1955 562 2000 num‘.
584 1971 601 1993 ι
623 1951 707 1995 Sed
727 1950 854 1993 etiam
872 1950 944 2008 qui
966 1951 1303 1997 misericordiam
1321 1955 1456 1998 desert
1469 1987 1484 2007 ,
1507 1957 1752 2001 mercedem

392 2026 570 2074 amittit,
592 2022 671 2066 nisi
694 2021 856 2064 mundo
877 2022 1008 2064 corde
1028 2022 1303 2074 misereatur;
1328 2039 1427 2068 nam
1451 2026 1484 2068 si
1506 2025 1752 2083 jactantiam

387 2105 549 2158 quaerat
566 2128 578 2145 ,
621 2094 761 2137 nullus
808 2101 871 2135 est
910 2092 1086 2137 fructus.
1134 2094 1330 2139 Emunda
1377 2096 1507 2155 igitur
1550 2097 1751 2150 interiora

390 2169 546 2215 mentis
581 2175 663 2210 tuae
684 2179 694 2207 :
719 2172 763 2207 et
794 2164 826 2206 si
861 2163 1085 2223 diligenter
1122 2167 1307 2223 pectoris
1342 2168 1403 2210 tui
1437 2178 1599 2212 secreta
1632 2184 1752 2213 mun-

390 2239 576 2288 daveris,
622 2243 867 2294 compatere
905 2234 954 2277 iis
995 2235 1067 2293 qui
1109 2236 1414 2295 impugnantur
1445 2252 1456 2281 ε
1490 2246 1546 2282 et‘
1563 2238 1749 2299 intellige

387 2310 534 2372 quanti
558 2307 806 2356 hominum,
827 2306 974 2363 quanti
994 2306 1173 2351 fratrum
1197 2315 1369 2351 tuorum
1403 2309 1605 2353 auxilium
1627 2317 1748 2354 tuum

387 2387 590 2443 quaerant.

444 2449 591 2497 Lvlu.
629 2447 715 2491 Sed
739 2447 820 2490 nisi
850 2455 897 2490 tu
918 2448 1035 2506 prius
1058 2448 1259 2492 interiora
1283 2459 1356 2493 tua
1379 2450 1662 2495 vacuefeceris
1694 2451 1747 2494 ab

384 2522 502 2567 omni
535 2520 632 2564 labe
662 2519 856 2578 peccati,
882 2534 936 2562 ne
967 2520 1250 2564 dissensiones
1286 2522 1665 2580 contentionesque
1695 2535 1748 2565 ex

429 2635 438 2651 ¹
463 2622 547 2658 Psal.
566 2632 597 2657 v,
618 2631 668 2655 ιι.
687 2640 727 2647 -
746 2632 758 2647 ·
783 2633 793 2654 1
811 2622 892 2655 Cor.
907 2633 953 2660 ιν,
977 2622 1028 2656 16.
1048 2642 1087 2648 —
1103 2624 1120 2671 ‘⁸
1140 2624 1191 2657 ld.
1212 2635 1265 2664 xv,
1283 2635 1316 2668 9.
1335 2643 1375 2650 —
1396 2625 1520 2658 ⁴Prov.
1542 2634 1638 2662 mn,
1655 2636 1688 2668 7.
1702 2643 1742 2652 -

376 2681 394 2704 ὅ
407 2679 506 2713 Cant.
522 2676 608 2716 ma.
624 2693 665 2702 -
678 2677 694 2701 ⁶
707 2675 792 2711 Puai.
809 2678 988 2718 xxxv1,25.
1001 2696 1042 2703 —
1064 2684 1077 2710 r
1093 2678 1217 2714 Matth.
1238 2689 1270 2720 v,
1288 2690 1320 2723 7.
1336 2697 1377 2705 -
1394 2681 1409 2703 ⁸
1423 2679 1505 2714 Psnl.
1527 2689 1594 2720 cu,
1611 2689 1646 2722 9.
