1800 3268
364 314 445 365 140
927 322 959 350 s.
1002 319 1193 350 Asmnosn

427 421 443 443 ι
457 403 504 446 In
523 400 699 445 veritate
722 399 818 443 dico
835 398 954 443 vobis
976 415 986 442 τ
1008 400 1149 444 Multae
1165 397 1303 443 viduae
1325 397 1502 443 fuerunt
1518 397 1561 443 in
1576 397 1726 444 diebus

363 494 380 515 r
392 473 534 517 Eliae⁸.
551 493 567 511 n

417 544 606 589 XLvln.
647 542 740 587 No'n
777 542 874 600 quia
908 542 1010 584 Elias
1043 542 1132 585 dies
1161 541 1358 591 suerunt,
1391 542 1465 585 sed
1495 541 1539 584 in
1573 540 1729 600 quibus

360 615 470 659 Elias
491 620 690 672 operatus
710 621 774 656 est
794 628 804 655 ε
826 620 899 655 aut
919 612 1016 670 quia
1042 612 1131 655 dies
1153 612 1337 655 faciebat
1354 612 1456 661 inis.
1478 611 1551 670 qui
1570 610 1613 655 in
1634 610 1730 670 eius

360 685 560 744 operibus
581 685 721 727 lucem
739 682 942 726 videbant
959 682 1103 741 gratiae
1124 681 1345 740 spiritalis,
1367 689 1411 725 et
1427 681 1732 725 converteban-

363 766 432 800 tur
456 757 510 799 ad
534 754 776 799 Dominum.
807 753 860 798 Et
883 753 978 796 ideo
1005 752 1276 811 aperiebatur
1305 754 1461 796 coelum
1489 752 1732 796 videntibus

362 837 518 871 aeterna
535 834 578 869 et
596 826 735 869 divina
753 825 953 884 mysteria
971 839 981 866 ε
997 824 1278 867 claudebatur
1287 823 1601 882 quandofames
1617 830 1732 872 eretz

363 899 460 956 quia
494 899 610 941 nulla
641 905 733 940 erat
759 897 1068 954 cognoscendae
1090 894 1322 939 divinitatis
1347 884 1535 939 ubertas.
1569 893 1655 937 Sed
1681 894 1734 938 de

363 969 446 1012 hoe
473 969 638 1027 plenius
670 965 962 1026 scripsimus²,
988 981 1087 1009 cum
1111 967 1164 1010 de
1193 965 1342 1010 viduis
1371 965 1674 1009 scriberemus*
1712 986 1716 989 ·

433 1057 449 1079 α
462 1041 514 1083 Et
530 1039 652 1083 multi
668 1038 825 1097 leprosi
835 1046 957 1081 erant
975 1037 1017 1080 in
1029 1036 1055 1080 J
1059 1037 1176 1080 udaea
1196 1037 1464 1096 temporibus
1480 1035 1619 1080 Elinaei
1636 1049 1736 1095 pro-

366 1111 537 1169 »phetae
565 1125 575 1152 z
607 1119 650 1154 et
688 1123 816 1153 nemo
853 1123 1003 1152 eorum
1037 1109 1270 1152 mundatus
1306 1115 1393 1160 est,
1422 1107 1513 1152 <nisi
1547 1106 1736 1152 Naaman

366 1200 383 1223 n
397 1181 530 1240 Syrus
545 1180 576 1224 ⁸.
594 1200 610 1223 ι

423 1253 576 1297 XLIX.
602 1252 832 1296 Evidenter
854 1252 924 1296 hic
938 1267 1080 1296 sermo
1097 1267 1175 1295 nos
1192 1250 1366 1296 Domini
1383 1248 1739 1310 Salutaris-'infor-

366 1332 453 1367 mat
467 1356 478 1373 ‚
502 1333 546 1367 et
568 1324 620 1367 ad
642 1325 829 1368 studium
850 1325 1103 1367 venerandae
1120 1323 1353 1367 divinitatis
1374 1323 1598 1372 hortatur,
1621 1322 1739 1380 quod

367 1404 688 1438 nemovsanatus
710 1395 971 1444 ostenditur.
993 1403 1035 1438 et
1057 1395 1264 1438 maculosi
1282 1394 1436 1438 morbo
1458 1392 1648 1452 corporis
1662 1392 1739 1435 ab-

368 1467 547 1514 solutus,
566 1466 646 1509 nisi
662 1466 734 1524 qui
751 1466 948 1524 religioso
964 1465 1106 1509 officio
1124 1465 1291 1508 studuit
1305 1463 1488 1508 sanitati.
1509 1462 1604 1508 Non
1624 1461 1740 1506 enim

370 1535 680 1578 dormientibus
707 1536 845 1578 divina
860 1534 1085 1584 beneficia,
1110 1536 1185 1578 sed
1210 1530 1742 1578 observan'tibu‘s'deferun-

370 1614 451 1649 tur.
474 1606 526 1648 Et
542 1607 651 1649 bene
665 1615 763 1665 apto
776 1605 1104 1665 comparationis
1124 1605 1323 1664 exemplo
1334 1602 1741 1662 arrogantiacivium

368 1677 610 1721 retunditur
634 1678 872 1721 invidorum
889 1711 899 1727 ,
924 1676 1289 1734 Dominicumque
1325 1675 1490 1719 sactum
1510 1674 1743 1734 Scripturis

370 1748 550 1790 docetur
576 1748 790 1791 veteribus
826 1747 1078 1799 convenire,
1105 1746 1222 1806 quod
1254 1746 1297 1789 in
1321 1745 1440 1789 libris
1464 1759 1637 1803 quoque
1663 1741 1744 1788 R'e-

371 1832 553 1875 gnorum
569 1819 762 1877 legimus⁴
783 1818 984 1876 gentilem
1006 1818 1145 1860 virum
1169 1817 1359 1861 Naaman
1378 1815 1630 1876 prophetico
1642 1827 1742 1858 ora-

373 1888 469 1930 culo
490 1889 615 1947 leprae
640 1890 816 1932 maculis
839 1889 1082 1932 absolutum
1099 1920 1110 1938 ,
1136 1902 1236 1930 cum
1260 1887 1469 1946 plurimos
1492 1885 1744 1929 Jndaeorum

371 1960 486 2016 lepra
504 1960 694 2021 corporis
710 1960 868 2018 paritor
887 1968 928 2002 et
945 1958 1099 2002 mentis
1117 1958 1381 2001 absumeret.
1407 1957 1627 2015 Siquidem
1643 1970 1745 2013 qna·

373 2036 470 2072 tuor
495 2029 587 2072 illos
610 2029 681 2087 qui
713 2039 892 2087 cogente
923 2030 1058 2077 same,
1088 2030 1131 2071 in
1160 2035 1298 2071 castra
1319 2026 1431 2086 regis
1448 2026 1588 2085 'Syriae
1615 2024 1745 2086 primi

374 2099 690 2150 tetenderunt‘,
726 2100 852 2143 tradit
882 2099 1057 2142 historia
1096 2098 1224 2141 fuisse
1254 2098 1458 2155 leprosos.
1494 2096 1585 2139 Cur
1616 2096 1746 2154 igitur

375 2185 460 2213 non
477 2171 654 2214 curabat
675 2170 828 2220 frates,
852 2186 938 2214 non
962 2169 1141 2213 curabat
1162 2169 1299 2218 cives,
1327 2182 1412 2212 non
1434 2167 1614 2211 sanabat
1637 2166 1743 2209 Pru·-

378 2241 506 2299 pheta
548 2247 767 2284 consortes
791 2256 803 2289 ;
840 2256 938 2284 cum
986 2247 1153 2282 sanaret
1190 2238 1348 2282 alienos
1372 2270 1383 2288 ,
1423 2244 1592 2282 sanaret
1635 2250 1708 2280 eos
1727 2268 1741 2287 ,

379 2311 451 2369 qni
491 2311 804 2355 observantiam
832 2310 954 2369 Legis
977 2343 988 2359 ,
1028 2318 1072 2353 et
1107 2309 1321 2368 religionis
1360 2308 1624 2352 consortium
1655 2322 1745 2351 non

378 2381 596 2426 habebant
623 2397 633 2425 ε
661 2382 739 2425 nisi
771 2382 870 2440 quia
902 2379 1131 2424 voluntatis
1159 2387 1223 2422 est
1257 2379 1492 2429 medicina,
1523 2392 1610 2422 non
1641 2392 1746 2436 gen·

375 2452 450 2501 tis3
471 2455 524 2495 ³et
551 2452 743 2495 divinum
786 2466 942 2494 munus
976 2450 1083 2493 votis
1112 2449 1306 2508 eligitur,
1339 2463 1426 2492 non
1458 2456 1622 2492 naturae
1649 2446 1744 2505 juro

375 2523 596 2568 defertur?
633 2524 783 2575 Disco,
827 2521 1057 2567 christiane
1075 2554 1087 2571 ,
1121 2535 1273 2580 rogare
1313 2521 1430 2579 quod
1469 2518 1635 2579 cupias*
1658 2518 1746 2562 im·-

425 2636 434 2651 =
455 2627 532 2659 Luc.
551 2636 596 2663 ιν.
613 2627 711 2660 25.—
729 2635 741 2651 ⁸
761 2626 862 2660 Liber
887 2625 927 2660 de
945 2623 1072 2659 viduis.
1088 2641 1128 2650 —
1146 2623 1162 2649 ³
1179 2624 1262 2656 Luc..
1283 2632 1328 2663 iv,
1348 2633 1402 2666 ²7·
1415 2637 1458 2647 —
1475 2623 1491 2651 4
1503 2620 1525 2662 4
1543 2620 1622 2665 Reg.
1639 2630 1673 2662 ν,
1694 2619 1743 2660 14.

378 2699 419 2707 -
442 2682 455 2706 ³
472 2680 525 2714 ld.
543 2690 603 2721 vn,
622 2680 654 2712 3.
1217 2691 1219 2694 ·
1671 2685 1673 2687 ¹
