1800 3268
1792 0 1800 62 ἔ

1791 63 1800 139 ἐ

1792 178 1800 246 ,ἐ

414 303 491 348 182
959 311 990 342 s.
1032 304 1225 341 ananum
1795 338 1800 353 ἔ

406 395 476 439 hic
507 392 618 438 tubae
645 390 846 450 clangore
874 387 1098 433 excitanda
1126 388 1259 432 virtus
1281 386 1375 434 snit.
1406 386 1545 448 Docet
1563 385 1651 434 Boe
1671 375 1800 449 fibris}

410 464 566 523 hujus,
597 476 691 521 qum
722 462 766 505 in
799 457 1038 520 prooemiis,
1061 467 1105 504 et
1141 473 1234 518 quae
1265 459 1307 503 in
1334 467 1539 519 processu
1565 457 1800 521 set-monis}

409 535 599 595 aperitur
618 532 767 576 oratio.
793 531 885 576 Illic
904 530 1157 590 qui-infirmi
1181 537 1278 574 sunt
1293 565 1303 581 ,
1328 530 1468 575 adhuc
1490 530 1676 590 quodam
1689 528 1800 596 ‘Le-,j

407 610 470 667 gis
491 609 602 651 lacte
625 612 852 664 potantur;
881 613 924 648 et
946 605 1040 647 ideo
1069 620 1143 663 per
1163 604 1286 663 Legi-s
1312 604 1526 648 tramitem
1556 599 1800 661 ducuntur}

408 680 462 722 ad
487 677 696 736 gratiam:
722 674 900 718 audiunt
934 680 1028 732 quae
1058 671 1181 733 Legis
1212 682 1338 724 sunt,
1367 679 1425 718 ut
1445 670 1557 719 ultra
1589 669 1800 738 Legemf}

408 749 564 808 Legem
586 747 804 806 sequendo
827 746 1062 806 procedant
1083 761 1092 788 τ
1118 745 1188 789 hic
1216 745 1407 789 Ecclesia
1436 745 1655 790 fundatior
1686 745 1800 811 ῐιοῐὶζ

407 821 519 865 lacte
540 818 764 868 imbuitur,
791 817 866 861 scd
890 817 986 860 cibo
1003 815 1215 866 vescitur:
1234 816 1355 860 cibus
1376 816 1492 860 enim
1513 814 1692 866 validior
1713 819 1800 862 est}

411 890 608 934 charitas.
636 888 832 946 Denique
854 888 966 931 inter
985 887 1064 930 tria
1085 885 1294 937 maxima,
1317 885 1471 938 fidem,
1499 893 1644 947 spem,
1673 877 1800 938 cha-[3

410 961 579 1004 ritatem
594 993 604 1010 ,
630 959 770 1018 major
790 958 988 1003 charitas.
1635 958 1637 962 ⁴

471 1030 672 1075 LXXIII.
719 1029 955 1074 Ordinatur
981 1025 1124 1088 ‘igitur
1168 1029 1351 1074 charitas
1376 1061 1388 1080 ‚
1437 1042 1537 1073 cum
1577 1027 1737 1072 dicitur
1761 1043 1797 1071 ε·

428 1120 443 1141 «ι
453 1102 624 1161 Diligite
641 1101 835 1146 inimicos
846 1109 1008 1145 vestros
1018 1100 1054 1151 ’ς
1070 1120 1086 1142 u
1099 1110 1146 1145 ut
1160 1103 1425 1161 compleatur
1440 1100 1545 1145 illud
1561 1095 1779 1152 Ecclesiz'e,

416 1175 532 1232 quod
548 1181 644 1216 ante
658 1173 745 1231 jam
764 1172 927 1216 dictum
944 1180 1006 1215 est
1022 1186 1032 1214 t
1050 1189 1065 1212 α
1082 1171 1289 1215 Ordinato
1304 1171 1347 1214 in
1363 1185 1432 1215 me
1448 1169 1741 1215 charitatem’.
1755 1178 1773 1212 s

415 1235 650 1290 Ordinatur
665 1245 779 1288 enim
799 1244 981 1288 charitas
995 1277 1007 1294 ,
1027 1255 1126 1287 cum
1143 1243 1359 1287 charitatis
1373 1250 1584 1303 praccepta
1601 1242 1784 1287 forman-

417 1325 501 1360 tur.
529 1316 636 1361 Vide
659 1330 787 1374 quam
809 1316 862 1359 ab
893 1315 1112 1359 altioribus
1136 1315 1326 1374 coeperit,
1351 1323 1394 1358 et
1411 1308 1569 1374 Legem
1592 1322 1691 1374 post
1710 1313 1800 1359 bez}

416 1388 672 1433 nedictionis
697 1387 959 1446 Evangelicae
980 1396 1095 1446 terga
1114 1387 1324 1445 rejecerit.
1346 1386 1434 1431 Lex
1447 1382 1786 1431 vicissitudinem

421 1462 603 1518 imperat
628 1458 845 1508 ultionis³‚
866 1459 1143 1516 Evangelium
1165 1457 1395 1502 inimicitiis
1415 1458 1685 1508 charitatem,
1706 1451 1786 1502 be·-

418 1530 669 1588 nignitatem
699 1529 832 1578 odiis,
872 1537 967 1572 vota
999 1527 1260 1579 maledictis,
1288 1528 1475 1573 subsidia
1498 1529 1800 1588 persequenti·-

421 1603 524 1650 bus,
559 1599 808 1659 patientiam
833 1600 1115 1643 esurientibus
1131 1633 1142 1650 ,
1167 1609 1209 1644 et
1228 1601 1406 1659 gratiam
1433 1600 1788 1654 remunerationis

422 1673 625 1730 impertit.
658 1671 832 1726 Quanto
863 1670 1019 1714 athleta
1041 1670 1286 1729 perfectior,
1314 1669 1387 1731 qui
1421 1678 1507 1715 non
1527 1670 1655 1715 sentit
1678 1670 1787 1730 inju-

423 1743 531 1787 riam
545 1742 563 1786 Ρ
1488 1784 1497 1793 Q

479 1814 675 1859 LXXIV.
696 1811 750 1857 Et
771 1828 826 1858 ne
846 1813 1039 1858 videatur
1064 1814 1271 1859 Dominus
1292 1812 1448 1875 Legem
1476 1813 1722 1866 dissolvere,
1745 1804 1788 1859 iu

425 1885 645 1931 beneficiis
675 1886 811 1930 vicem
844 1897 1005 1938 servat,
1045 1902 1171 1945 quum
1205 1887 1377 1946 negligit
1411 1886 1454 1931 in
1491 1883 1667 1947 injuriis.
1705 1886 1792 1932 Sed.

424 1967 568 2002 tamen
597 1957 779 2001 dicendo
804 1972 815 2001 :
834 1975 849 1998 α
870 1959 1000 2002 Prout
1029 1958 1152 2002 vultis
1172 1966 1221 2002 ut
1245 1958 1402 2003 saciant
1425 1957 1544 2004 vobis
1565 1959 1785 2010 homines,

425 2030 580 2072 »facite
602 2037 644 2072 et
664 2044 738 2072 vos
761 2029 840 2072 illis
865 2030 1105 2078 similster‘,
1127 2029 1402 2073 »vicissitudo
1421 2029 1512 2090 ipsa
1531 2026 1793 2091 cumulatior

427 2108 514 2150 est,
539 2098 710 2156 quando
726 2099 833 2142 votis
857 2108 975 2143 actus
991 2107 1195 2157 aequatur.
1224 2099 1368 2144 Nescit
1388 2101 1501 2144 enim
1525 2101 1657 2146 virtus
1676 2116 1794 2158 men«

427 2176 570 2214 suram
591 2169 735 2227 gratiae
763 2184 773 2212 τ
800 2184 878 2212 nec
901 2174 1100 2213 contenta
1123 2169 1280 2214 referre
1301 2172 1418 2229 quod
1439 2162 1794 2232 acceperit;'vuit

427 2239 648 2284 cumulare
677 2240 792 2297 quod
823 2240 1025 2299 sumpsit:
1066 2256 1119 2284 nc
1154 2241 1330 2284 inferior
1350 2242 1404 2286 sit
1431 2241 1665 2296 beneficio,
1690 2236 1792 2289 licet·

427 2314 619 2370 aequetur
638 2309 793 2355 officio.
815 2311 910 2356 Non
936 2313 1049 2355 enim
1071 2313 1245 2356 cumulo
1268 2321 1458 2364 tantum.
1483 2310 1559 2359 sed
1579 2313 1729 2359 ordine
1750 2320 1795 2358 et

427 2390 621 2441 tempore
640 2380 847 2425 beneficia
873 2390 1126 2441 pensantur;
1153 2378 1251 2427 cum
1276 2383 1319 2427 iu
1338 2382 1548 2429 beneficio
1569 2381 1659 2445 pari
1674 2377 1796 2446 prior

427 2452 495 2502 sit,
521 2452 593 2510 qui
616 2452 732 2511 prior
757 2454 912 2512 coepit:
938 2453 1156 2498 beneficus
1189 2455 1302 2499 enim
1322 2463 1387 2500 est
1408 2457 1479 2516 qui
1499 2454 1677 2516 gratiam
1704 2471 1794 2500 cm·-

425 2516 551 2580 perit,
579 2521 748 2567 debitor
772 2523 845 2582 qui
879 2524 1084 2570 retulerit.
1118 2525 1248 2570 Aliud
1276 2527 1417 2586 itaque
1446 2517 1703 2577 beneficium
1728 2527 1795 2572 est

472 2627 488 2649 ῑ
505 2624 597 2710 3taur.
622 2637 727 2665 xxvu,
761 2633 792 2661 et
819 2637 886 2672 seq.
904 2646 942 2654 —-
960 2639 973 2654 ⁸
1007 2629 1104 2663 Cant.
1125 2641 1161 2667 u,
1191 2631 1223 2670 4.
1244 2649 1284 2656 -—
1303 2633 1316 2655 ³
1335 2630 1439 2666 Exod.
1457 2641 1531 2674 xxi,
1550 2630 1602 2672 ²4·
1618 2649 1659 2658 —
1675 2633 1691 2661 ⁴
1709 2630 1790 2666 nuc.

429 2688 462 2711 vi
478 2701 488 2718 ,
533 2690 560 2712 ι.
