1846 3262
424 299 509 358 376
978 312 1010 341 s.
1051 311 1244 342 annnosu

422 391 635 436 »Facilius
655 392 867 434 camelum
893 405 967 449 per
1003 390 1194 433 foramen
1223 405 1324 433 acus
1346 390 1548 438 transire,
1580 403 1706 448 quam
1730 390 1790 434 di·

422 482 439 504 ι
451 464 578 506 vitem
604 462 763 505 intrare
777 461 817 504 in
833 476 1009 520 regnum
1025 461 1138 505 Dei¹.
1154 482 1168 500 ι»

479 532 615 577 LXX.
638 533 785 591 Magna
799 533 1088 590 vis,magnum
1108 532 1662 589 pondusinverbis.Quibus
1673 534 1787 578 enim

420 603 560 646 verbis
578 603 667 646 aliis
681 602 972 646 vehementius
988 602 1267 660 exprimeret,
1289 618 1371 644 non
1391 603 1547 647 debere
1566 605 1725 659 jactare
1742 621 1787 648 se

422 673 646 717 divitemin
662 673 816 716 divitiis
829 673 913 716 suis
926 706 936 722 ,
960 688 1086 730 quam
1100 673 1253 716 talibus
1265 674 1419 730 quibus
1430 673 1785 719 definitur-contra

421 752 617 788 naturam
649 759 741 787 esse
763 744 879 787 dives
907 744 1176 787 misericors?
1199 742 1330 786 Aufer
1357 743 1461 786 mihi
1485 744 1696 788 lenocinia
1724 745 1788 789 su·

420 806 606 874 cumque
633 815 859 858 verborum
875 847 886 861 ‚
909 830 1001 872 quae
1023 815 1164 858 solent
1190 829 1393 857 enervare
1414 815 1656 859 sententias.
1684 815 1788 860 Lac-

420 885 498 929 tari
515 901 599 928 non
618 885 766 928 debuit
783 886 859 928 iste
874 917 886 934 ,
906 887 979 944 sed
995 885 1155 944 frangi,
1174 886 1245 943 qui
1265 885 1598 928 misericordiam
1618 901 1787 946 respue-

416 956 503 999 bat.
539 956 701 999 Tamen
737 956 771 998 si
805 970 912 1014 quos
948 957 1177 1009 verborum
1211 956 1343 1014 magis
1374 966 1624 1001 ornamenta
1657 972 1783 1016 quam

418 1042 566 1070 sensus
590 1026 717 1069 virilis
738 1034 780 1069 et
804 1027 1005 1070 naturalis
1025 1026 1198 1084 quidam
1225 1027 1394 1069 habitus
1422 1035 1466 1070 et
1493 1027 1628 1072 forma
1650 1029 1788 1072 delec-

420 1104 511 1139 tant
541 1110 552 1138 t
580 1097 697 1154 quod
719 1097 820 1139 honi
846 1096 1008 1138 faciunt
1035 1096 1236 1155 petitores
1263 1096 1304 1138 in
1337 1111 1469 1139 uxore
1490 1098 1708 1149 ducenda,
1741 1108 1789 1143 ut

421 1180 564 1209 mores
604 1165 857 1215 discutiant,
878 1181 963 1208 non
997 1168 1220 1212 decorem,
1245 1181 1324 1209 nec
1343 1176 1538 1225 aspectus
1556 1166 1790 1212 offensione

421 1244 678 1279 revocentur
692 1270 703 1286 ,
728 1251 826 1279 cum
844 1237 1001 1293 virtute
1019 1236 1148 1280 animi
1164 1246 1451 1295 provocantur
1470 1254 1480 1280 τ
1501 1237 1544 1280 hi
1562 1253 1732 1296 quoque
1749 1239 1792 1282 in

422 1306 562 1349 verbis
594 1306 844 1365 mysterium
877 1317 1093 1365 quaerant,
1127 1310 1241 1365 quod
1276 1317 1340 1351 est
1372 1323 1492 1351 mens
1520 1310 1715 1366 quoedam
1749 1318 1794 1353 et

424 1377 566 1421 anima
586 1381 840 1428 verborum3
867 1393 947 1421 nec
969 1379 1011 1421 in
1031 1379 1234 1436 mysterio
1253 1380 1379 1422 verba
1398 1379 1640 1423 discutiant.

481 1448 641 1492 LXXI.
681 1448 881 1492 camelus
907 1465 1008 1508 ergo
1031 1449 1073 1493 in
1105 1458 1206 1508 typo
1237 1450 1418 1508 populus
1443 1450 1611 1508 gentilis
1637 1451 1796 1510 accipi-

429 1527 518 1570 tur.
530 1535 658 1578 quem
672 1522 740 1563 leo
754 1519 823 1563 ille
831 1536 1023 1578 quaerens
1031 1536 1159 1578 quem
1175 1521 1369 1570 devoret,
1384 1530 1585 1565 onustum
1599 1521 1797 1567 thesauro

426 1589 687 1648 propheticis
710 1589 840 1647 agitat
861 1591 1085 1648 speciebus
1109 1591 1149 1633 in
1173 1591 1388 1634 desertum
1414 1608 1424 1633 :
1451 1592 1498 1635 In
1524 1592 1799 1636 tribulatione

430 1662 544 1705 enim
563 1670 606 1704 et
630 1663 819 1720 angustia
851 1664 916 1705 leo
941 1671 982 1705 et
1014 1663 1179 1705 catulus
1206 1663 1363 1713 leonis,
1388 1664 1552 1722 aspides
1576 1672 1618 1707 et
1650 1680 1799 1723 proge-

431 1731 522 1775 nies
546 1731 739 1790 aspidum
766 1733 998 1776 volantium
1017 1733 1211 1776 serebant
1236 1734 1276 1776 in
1296 1733 1421 1776 asinis
1439 1742 1482 1777 et
1504 1735 1677 1778 camelis
1700 1735 1803 1778 divi-

434 1803 512 1845 tias
528 1818 636 1846 suas.
661 1803 712 1846 Et
729 1804 837 1846 bene
856 1805 1046 1847 camelus
1062 1818 1139 1862 pro
1153 1804 1298 1862 gentili
1317 1804 1521 1863 figuratus
1532 1814 1597 1848 est
1617 1807 1799 1863 populo:

434 1874 531 1931 quia
580 1873 890 1932 superstitionis
930 1875 1198 1917 deformitate
1235 1866 1520 1933 degenerans,
1557 1875 1802 1933 priusquam

436 1945 631 1988 crederet
655 1946 838 2002 populus
869 1945 1088 1987 nationum
1104 1979 1114 1994 ‚
1148 1946 1349 1988 belluina}
1371 1947 1557 2002 speciem
1579 1947 1801 1996 l'oetlitatis,

438 2015 621 2057 absurda
644 2014 838 2073 vestigia,
859 2029 931 2057 ora
951 2015 1088 2073 turpia
1103 2015 1364 2073 praeserebat.
1386 2016 1570 2060 Facilius
1587 2017 1806 2074 igituriste

438 2092 640 2142 peccator
656 2099 732 2142 per
755 2085 863 2127 viam
888 2085 1060 2128 intravit
1075 2094 1297 2143 angustam
1327 2087 1435 2143 (quae
1452 2094 1516 2128 est
1536 2087 1601 2129 via
1620 2086 1776 2130 Christi
1793 2120 1804 2136 ,

438 2154 512 2212 qui
533 2169 608 2212 per
629 2154 789 2213 proprii
814 2155 1004 2212 corporis
1015 2156 1254 2214 passionem
1267 2156 1414 2199 mortis.
1428 2164 1652 2212 penetrans
1670 2157 1801 2207 viam,

438 2226 555 2269 velut
572 2239 671 2269 acus
694 2225 993 2284 redintegravit
1011 2226 1137 2270 scissa
1160 2227 1353 2284 quaedam
1373 2236 1529 2270 nostrat*
1554 2228 1803 2272 vestimenta

439 2300 617 2356 naturae)
636 2312 763 2355 quam
796 2299 976 2356 populns
1003 2299 1250 2341 Judaeorum
1281 2299 1396 2341 dives
1419 2300 1459 2341 in
1494 2299 1630 2358 Lege,
1650 2315 1809 2360 egenus

438 2368 481 2411 in
503 2367 612 2418 fide,
637 2376 874 2426 praeruptus
893 2369 934 2411 in
961 2370 1107 2412 furore
1121 2402 1142 2426 ‚x
1161 2370 1390 2428 probrosus
1414 2370 1455 2412 in
1474 2370 1667 2414 crimine.

499 2437 674 2482 LXXll.
713 2438 855 2481 Potest
875 2438 1002 2482 etiam
1029 2441 1244 2482 moraliter
1264 2441 1315 2483 de
1333 2442 1448 2483 omni
1469 2441 1643 2500 intelligi
1664 2455 1813 2500 peccu-

435 2517 547 2558 tore,
567 2518 608 2550 et
632 2509 684 2551 de
701 2518 924 2565 arrogante
943 2511 1084 2553 divite.
1105 2512 1255 2555 [Nonne
1276 2512 1348 2554 tibi
1376 2512 1542 2555 videtur
1554 2512 1812 2556 Publicanos

435 2578 506 2623 ille
517 2588 719 2622 oneratus
735 2595 908 2623 suorum
923 2581 1183 2624 conscientia
1200 2582 1475 2631 delictorum,
1490 2598 1586 2626 cum
1600 2584 1748 2626 oculos
1759 2583 1813 2626 ad

479 2679 489 2695 ¹
511 2672 588 2703 Luc.
606 2681 698 2710 xvm,
720 2673 770 2703 25.
791 2690 824 2695 —-
849 2681 859 2695 ¹
879 2672 948 2705 lsai.
968 2684 1042 2712 ux,
1060 2674 1093 2705 6.
1122 2691 1149 2696 —
1173 2676 1185 2696 ³
1207 2674 1280 2705 bur.
1300 2685 1375 2706 nm
1411 2674 1457 2704 ιδ.
