<?xml version="1.0" encoding="UTF-8"?>
<!DOCTYPE html PUBLIC "-//W3C//DTD XHTML 1.0 Transitional//EN"
    "http://www.w3.org/TR/xhtml1/DTD/xhtml1-transitional.dtd">
<html xmlns="http://www.w3.org/1999/xhtml" xml:lang="en" lang="en">
 <head>
  <title>
</title>
<meta http-equiv="Content-Type" content="text/html;charset=utf-8" />
  <meta name='ocr-system' content='tesseract 3.04.00' />
  <meta name='ocr-capabilities' content='ocr_page ocr_carea ocr_par ocr_line ocrx_word'/>
</head>
<body>
  <div class='ocr_page' id='page_1' title='image "./omniaequaeextant05ambruoft_0064.png"; bbox 0 0 1800 3268; ppageno 0'>
   <div class='ocr_carea' id='block_1_1' title="bbox 376 357 1188 408">
    <p class='ocr_par' dir='ltr' id='par_1_1' title="bbox 376 357 1188 408">
     <span class='ocr_line' id='line_1_1' title="bbox 376 357 1188 408; baseline 0 -9"><span class='ocrx_word' id='word_1_1' title='bbox 376 357 433 408; x_wconf 73' lang='lat'>54</span> <span class='ocrx_word' id='word_1_2' title='bbox 925 371 956 399; x_wconf 85' lang='lat' dir='ltr'>s.</span> <span class='ocrx_word' id='word_1_3' title='bbox 996 370 1188 400; x_wconf 68' lang='lat' dir='ltr'>sunnosn</span> 
     </span>
    </p>
   </div>
   <div class='ocr_carea' id='block_1_2' title="bbox 372 447 1795 2699">
    <p class='ocr_par' dir='ltr' id='par_1_2' title="bbox 372 447 1743 1638">
     <span class='ocr_line' id='line_1_2' title="bbox 375 447 1731 510; baseline -0.001 -17"><span class='ocrx_word' id='word_1_4' title='bbox 375 450 471 508; x_wconf 88' lang='lat' dir='ltr'>quia</span> <span class='ocrx_word' id='word_1_5' title='bbox 487 450 589 492; x_wconf 89' lang='lat' dir='ltr'>dum</span> <span class='ocrx_word' id='word_1_6' title='bbox 597 447 800 506; x_wconf 85' lang='lat' dir='ltr'>professio</span> <span class='ocrx_word' id='word_1_7' title='bbox 810 450 1020 493; x_wconf 84' lang='lat' dir='ltr'>saecularis</span> <span class='ocrx_word' id='word_1_8' title='bbox 1030 451 1291 494; x_wconf 75' lang='lat' dir='ltr'><strong>obtenditur.</strong></span> <span class='ocrx_word' id='word_1_9' title='bbox 1306 450 1503 509; x_wconf 85' lang='lat' dir='ltr'>spiritalis</span> <span class='ocrx_word' id='word_1_10' title='bbox 1516 449 1731 510; x_wconf 82' lang='lat' dir='ltr'>impletur,</span> 
     </span>
     <span class='ocr_line' id='line_1_3' title="bbox 373 520 1733 580; baseline -0.001 -16"><span class='ocrx_word' id='word_1_11' title='bbox 373 537 458 564; x_wconf 92' lang='lat' dir='ltr'>non</span> <span class='ocrx_word' id='word_1_12' title='bbox 485 529 693 563; x_wconf 87' lang='lat' dir='ltr'>terrarum</span> <span class='ocrx_word' id='word_1_13' title='bbox 719 521 807 580; x_wconf 84' lang='lat' dir='ltr'>regi</span> <span class='ocrx_word' id='word_1_14' title='bbox 828 521 1024 570; x_wconf 86' lang='lat' dir='ltr'>dicenda,</span> <span class='ocrx_word' id='word_1_15' title='bbox 1051 523 1126 564; x_wconf 86' lang='lat' dir='ltr'>sed</span> <span class='ocrx_word' id='word_1_16' title='bbox 1146 522 1271 565; x_wconf 83' lang='lat' dir='ltr'>coelii&#39;</span> <span class='ocrx_word' id='word_1_17' title='bbox 1290 522 1496 565; x_wconf 74' lang='lat' dir='ltr'>professio</span> <span class='ocrx_word' id='word_1_18' title='bbox 1517 521 1594 565; x_wconf 86' lang='lat' dir='ltr'>ista</span> <span class='ocrx_word' id='word_1_19' title='bbox 1616 520 1733 570; x_wconf 85' lang='lat' dir='ltr'>fidei,</span> 
     </span>
     <span class='ocr_line' id='line_1_4' title="bbox 373 590 1737 650; baseline -0.001 -17"><span class='ocrx_word' id='word_1_20' title='bbox 373 605 525 633; x_wconf 91' lang='lat' dir='ltr'>census</span> <span class='ocrx_word' id='word_1_21' title='bbox 563 597 626 632; x_wconf 88' lang='lat' dir='ltr'>est</span> <span class='ocrx_word' id='word_1_22' title='bbox 671 590 937 640; x_wconf 69' lang='lat' dir='ltr'>animorum:</span> <span class='ocrx_word' id='word_1_23' title='bbox 981 592 1140 635; x_wconf 86' lang='lat' dir='ltr'>abolito</span> <span class='ocrx_word' id='word_1_24' title='bbox 1182 593 1295 635; x_wconf 90' lang='lat' dir='ltr'>enim</span> <span class='ocrx_word' id='word_1_25' title='bbox 1333 592 1566 650; x_wconf 72' lang='lat' dir='ltr'>Synagogae</span> <span class='ocrx_word' id='word_1_26' title='bbox 1604 605 1737 634; x_wconf 88' lang='lat' dir='ltr'>censu</span> 
     </span>
     <span class='ocr_line' id='line_1_5' title="bbox 375 662 1738 721; baseline 0.001 -18"><span class='ocrx_word' id='word_1_27' title='bbox 375 669 558 711; x_wconf 76' lang='lat' dir='ltr'>vetusto,</span> <span class='ocrx_word' id='word_1_28' title='bbox 585 675 720 704; x_wconf 78' lang='lat' dir='ltr'>novus</span> <span class='ocrx_word' id='word_1_29' title='bbox 748 675 900 704; x_wconf 87' lang='lat' dir='ltr'>census</span> <span class='ocrx_word' id='word_1_30' title='bbox 925 662 1126 705; x_wconf 83' lang='lat' dir='ltr'>Ecclesiae</span> <span class='ocrx_word' id='word_1_31' title='bbox 1152 664 1395 721; x_wconf 85' lang='lat' dir='ltr'>parabatur,</span> <span class='ocrx_word' id='word_1_32' title='bbox 1430 663 1504 721; x_wconf 84' lang='lat' dir='ltr'>qui</span> <span class='ocrx_word' id='word_1_33' title='bbox 1527 669 1738 706; x_wconf 83' lang='lat' dir='ltr'>tormenta</span> 
     </span>
     <span class='ocr_line' id='line_1_6' title="bbox 373 732 1738 794; baseline 0 -19"><span class='ocrx_word' id='word_1_34' title='bbox 373 746 460 775; x_wconf 91' lang='lat' dir='ltr'>non</span> <span class='ocrx_word' id='word_1_35' title='bbox 480 732 682 791; x_wconf 86' lang='lat' dir='ltr'>exigeret,</span> <span class='ocrx_word' id='word_1_36' title='bbox 703 733 779 776; x_wconf 86' lang='lat' dir='ltr'>sed</span> <span class='ocrx_word' id='word_1_37' title='bbox 798 732 980 775; x_wconf 85' lang='lat' dir='ltr'>auferret</span> <span class='ocrx_word' id='word_1_38' title='bbox 994 741 1060 776; x_wconf 89' lang='lat' dir='ltr'>:et</span> <span class='ocrx_word' id='word_1_39' title='bbox 1081 734 1323 791; x_wconf 77' lang='lat' dir='ltr'>spiritaliter</span> <span class='ocrx_word' id='word_1_40' title='bbox 1346 733 1390 776; x_wconf 91' lang='lat' dir='ltr'>in</span> <span class='ocrx_word' id='word_1_41' title='bbox 1412 742 1514 793; x_wconf 85' lang='lat' dir='ltr'>typo</span> <span class='ocrx_word' id='word_1_42' title='bbox 1530 732 1648 794; x_wconf 80' lang='lat' dir='ltr'>plebs</span> <span class='ocrx_word' id='word_1_43' title='bbox 1663 747 1738 775; x_wconf 86' lang='lat' dir='ltr'>sua</span> 
     </span>
     <span class='ocr_line' id='line_1_7' title="bbox 373 802 1735 862; baseline -0.001 -16"><span class='ocrx_word' id='word_1_44' title='bbox 373 802 459 859; x_wconf 84' lang='lat' dir='ltr'>jam</span> <span class='ocrx_word' id='word_1_45' title='bbox 483 802 652 846; x_wconf 85' lang='lat' dir='ltr'>Christo</span> <span class='ocrx_word' id='word_1_46' title='bbox 667 803 840 847; x_wconf 90' lang='lat' dir='ltr'>nomina</span> <span class='ocrx_word' id='word_1_47' title='bbox 860 803 1118 846; x_wconf 84' lang='lat' dir='ltr'>conserebat.</span> <span class='ocrx_word' id='word_1_48' title='bbox 1148 803 1240 847; x_wconf 87' lang='lat' dir='ltr'>Non</span> <span class='ocrx_word' id='word_1_49' title='bbox 1263 803 1333 847; x_wconf 91' lang='lat' dir='ltr'>hic</span> <span class='ocrx_word' id='word_1_50' title='bbox 1351 804 1483 862; x_wconf 84' lang='lat' dir='ltr'>spatia</span> <span class='ocrx_word' id='word_1_51' title='bbox 1509 811 1735 851; x_wconf 81' lang='lat' dir='ltr'>terrarum,</span> 
     </span>
     <span class='ocr_line' id='line_1_8' title="bbox 372 873 1739 932; baseline -0.001 -16"><span class='ocrx_word' id='word_1_52' title='bbox 372 873 448 916; x_wconf 87' lang='lat' dir='ltr'>sed</span> <span class='ocrx_word' id='word_1_53' title='bbox 475 874 683 916; x_wconf 80' lang='lat' dir='ltr'>mentium</span> <span class='ocrx_word' id='word_1_54' title='bbox 708 874 1034 932; x_wconf 81' lang='lat' dir='ltr'>animorumque</span> <span class='ocrx_word' id='word_1_55' title='bbox 1057 884 1284 918; x_wconf 76' lang='lat' dir='ltr'><strong>censentur</strong></span> <span class='ocrx_word' id='word_1_56' title='bbox 1305 890 1315 918; x_wconf 71' lang='grc' dir='ltr'>ε</span> <span class='ocrx_word' id='word_1_57' title='bbox 1335 890 1415 918; x_wconf 88' lang='lat' dir='ltr'>nec</span> <span class='ocrx_word' id='word_1_58' title='bbox 1437 874 1739 918; x_wconf 85' lang='lat' dir='ltr'>describuntur</span> 
     </span>
     <span class='ocr_line' id='line_1_9' title="bbox 374 943 1739 1003; baseline -0.001 -15"><span class='ocrx_word' id='word_1_59' title='bbox 374 943 544 998; x_wconf 89' lang='lat' dir='ltr'>limites,</span> <span class='ocrx_word' id='word_1_60' title='bbox 572 946 646 988; x_wconf 81' lang='lat' dir='ltr'>sed</span> <span class='ocrx_word' id='word_1_61' title='bbox 675 945 1071 1003; x_wconf 77' lang='lat' dir='ltr'>proferunturmec</span> <span class='ocrx_word' id='word_1_62' title='bbox 1100 954 1200 989; x_wconf 87' lang='lat' dir='ltr'>aetas</span> <span class='ocrx_word' id='word_1_63' title='bbox 1231 946 1316 989; x_wconf 85' lang='lat' dir='ltr'>ulla</span> <span class='ocrx_word' id='word_1_64' title='bbox 1345 944 1633 1003; x_wconf 82' lang='lat' dir='ltr'>distinguitur,</span> <span class='ocrx_word' id='word_1_65' title='bbox 1665 944 1739 986; x_wconf 88' lang='lat' dir='ltr'>sed</span> 
     </span>
     <span class='ocr_line' id='line_1_10' title="bbox 375 1015 1737 1066; baseline -0.001 -9"><span class='ocrx_word' id='word_1_66' title='bbox 375 1015 513 1058; x_wconf 88' lang='lat' dir='ltr'>omnis</span> <span class='ocrx_word' id='word_1_67' title='bbox 535 1015 784 1066; x_wconf 86' lang='lat' dir='ltr'>ascribitur;</span> <span class='ocrx_word' id='word_1_68' title='bbox 814 1017 954 1059; x_wconf 89' lang='lat' dir='ltr'>nullus</span> <span class='ocrx_word' id='word_1_69' title='bbox 971 1016 1086 1059; x_wconf 91' lang='lat' dir='ltr'>enim</span> <span class='ocrx_word' id='word_1_70' title='bbox 1111 1016 1162 1059; x_wconf 88' lang='lat' dir='ltr'>ab</span> <span class='ocrx_word' id='word_1_71' title='bbox 1187 1016 1269 1059; x_wconf 89' lang='lat' dir='ltr'>hoc</span> <span class='ocrx_word' id='word_1_72' title='bbox 1286 1015 1486 1060; x_wconf 88' lang='lat' dir='ltr'>immunis</span> <span class='ocrx_word' id='word_1_73' title='bbox 1502 1022 1566 1065; x_wconf 79' lang='lat' dir='ltr'>est</span> <span class='ocrx_word' id='word_1_74' title='bbox 1588 1029 1737 1063; x_wconf 83' lang='lat' dir='ltr'>censu,</span> 
     </span>
     <span class='ocr_line' id='line_1_11' title="bbox 375 1085 1739 1145; baseline -0.001 -17"><span class='ocrx_word' id='word_1_75' title='bbox 375 1086 474 1143; x_wconf 83' lang='lat' dir='ltr'>quia</span> <span class='ocrx_word' id='word_1_76' title='bbox 502 1085 641 1139; x_wconf 83' lang='lat' dir='ltr'>omnis</span> <span class='ocrx_word' id='word_1_77' title='bbox 674 1093 774 1129; x_wconf 82' lang='lat' dir='ltr'>oetas</span> <span class='ocrx_word' id='word_1_78' title='bbox 805 1086 1006 1130; x_wconf 81' lang='lat' dir='ltr'>munifica</span> <span class='ocrx_word' id='word_1_79' title='bbox 1039 1086 1209 1130; x_wconf 86' lang='lat' dir='ltr'>Christo</span> <span class='ocrx_word' id='word_1_80' title='bbox 1244 1094 1324 1138; x_wconf 85' lang='lat' dir='ltr'>est,</span> <span class='ocrx_word' id='word_1_81' title='bbox 1356 1097 1485 1145; x_wconf 72' lang='lat' dir='ltr'>quem</span> <span class='ocrx_word' id='word_1_82' title='bbox 1525 1085 1739 1144; x_wconf 75' lang='lat' dir='ltr'>vagientes</span> 
     </span>
     <span class='ocr_line' id='line_1_12' title="bbox 376 1148 1741 1216; baseline -0.001 -18"><span class='ocrx_word' id='word_1_83' title='bbox 376 1155 498 1214; x_wconf 87' lang='lat' dir='ltr'>pueri</span> <span class='ocrx_word' id='word_1_84' title='bbox 513 1156 717 1215; x_wconf 83' lang='lat' dir='ltr'>martyrio</span> <span class='ocrx_word' id='word_1_85' title='bbox 735 1156 1012 1207; x_wconf 80' lang='lat' dir='ltr'>confitentur,</span> <span class='ocrx_word' id='word_1_86' title='bbox 1031 1172 1158 1216; x_wconf 88' lang='lat' dir='ltr'>quem</span> <span class='ocrx_word' id='word_1_87' title='bbox 1174 1157 1285 1201; x_wconf 87' lang='lat' dir='ltr'>intra</span> <span class='ocrx_word' id='word_1_88' title='bbox 1300 1166 1470 1201; x_wconf 89' lang='lat' dir='ltr'>uterum</span> <span class='ocrx_word' id='word_1_89' title='bbox 1487 1148 1612 1216; x_wconf 81' lang='lat' dir='ltr'>positi</span> <span class='ocrx_word' id='word_1_90' title='bbox 1627 1154 1741 1198; x_wconf 85' lang='lat' dir='ltr'>exul-</span> 
     </span>
     <span class='ocr_line' id='line_1_13' title="bbox 374 1227 1738 1282; baseline 0.001 -13"><span class='ocrx_word' id='word_1_91' title='bbox 374 1227 536 1282; x_wconf 80' lang='lat' dir='ltr'>tatione</span> <span class='ocrx_word' id='word_1_92' title='bbox 568 1235 791 1271; x_wconf 75' lang='lat' dir='ltr'><strong>testantur.</strong></span> <span class='ocrx_word' id='word_1_93' title='bbox 827 1228 940 1272; x_wconf 89' lang='lat' dir='ltr'>Nihil</span> <span class='ocrx_word' id='word_1_94' title='bbox 965 1229 1008 1272; x_wconf 90' lang='lat' dir='ltr'>in</span> <span class='ocrx_word' id='word_1_95' title='bbox 1041 1229 1126 1272; x_wconf 91' lang='lat' dir='ltr'>hoc</span> <span class='ocrx_word' id='word_1_96' title='bbox 1160 1243 1292 1272; x_wconf 86' lang='lat' dir='ltr'>censu</span> <span class='ocrx_word' id='word_1_97' title='bbox 1326 1242 1501 1272; x_wconf 79' lang='lat' dir='ltr'>vereare</span> <span class='ocrx_word' id='word_1_98' title='bbox 1531 1227 1738 1281; x_wconf 74' lang='lat' dir='ltr'>terribile.</span> 
     </span>
     <span class='ocr_line' id='line_1_14' title="bbox 374 1298 1734 1359; baseline 0 -18"><span class='ocrx_word' id='word_1_99' title='bbox 374 1298 485 1342; x_wconf 85' lang='lat' dir='ltr'>nibil</span> <span class='ocrx_word' id='word_1_100' title='bbox 503 1298 684 1348; x_wconf 89' lang='lat' dir='ltr'>immite,</span> <span class='ocrx_word' id='word_1_101' title='bbox 704 1299 811 1342; x_wconf 88' lang='lat' dir='ltr'>nihil</span> <span class='ocrx_word' id='word_1_102' title='bbox 827 1300 969 1350; x_wconf 86' lang='lat' dir='ltr'>triste;</span> <span class='ocrx_word' id='word_1_103' title='bbox 993 1300 1080 1343; x_wconf 88' lang='lat' dir='ltr'>sola</span> <span class='ocrx_word' id='word_1_104' title='bbox 1098 1314 1450 1358; x_wconf 87' lang='lat' dir='ltr'>unumquemque</span> <span class='ocrx_word' id='word_1_105' title='bbox 1466 1298 1570 1343; x_wconf 82' lang='lat' dir='ltr'>fides</span> <span class='ocrx_word' id='word_1_106' title='bbox 1586 1299 1734 1359; x_wconf 82' lang='lat' dir='ltr'>signat.</span> 
     </span>
     <span class='ocr_line' id='line_1_15' title="bbox 374 1368 1740 1422; baseline 0 -10"><span class='ocrx_word' id='word_1_107' title='bbox 374 1368 450 1412; x_wconf 72' lang='lat' dir='ltr'>Vi·</span> <span class='ocrx_word' id='word_1_108' title='bbox 479 1368 637 1422; x_wconf 65' lang='lat' dir='ltr'>(xhristi</span> <span class='ocrx_word' id='word_1_109' title='bbox 663 1370 812 1412; x_wconf 80' lang='lat' dir='ltr'>&#39;audire</span> <span class='ocrx_word' id='word_1_110' title='bbox 841 1371 1073 1414; x_wconf 68' lang='lat' dir='ltr'>censui-esi²</span> <span class='ocrx_word' id='word_1_111' title='bbox 1093 1370 1311 1414; x_wconf 82' lang='lat' dir='ltr'>Jubentur</span> <span class='ocrx_word' id='word_1_112' title='bbox 1335 1385 1510 1415; x_wconf 87' lang='lat' dir='ltr'>censere</span> <span class='ocrx_word' id='word_1_113' title='bbox 1538 1370 1630 1420; x_wconf 84' lang='lat' dir='ltr'>sine</span> <span class='ocrx_word' id='word_1_114' title='bbox 1656 1370 1740 1413; x_wconf 76' lang='lat' dir='ltr'>vir-</span> 
     </span>
     <span class='ocr_line' id='line_1_16' title="bbox 377 1438 1743 1504; baseline 0.001 -23"><span class='ocrx_word' id='word_1_115' title='bbox 377 1438 439 1497; x_wconf 84' lang='lat' dir='ltr'>gis</span> <span class='ocrx_word' id='word_1_116' title='bbox 475 1439 654 1497; x_wconf 82' lang='lat' dir='ltr'>(7):nec</span> <span class='ocrx_word' id='word_1_117' title='bbox 681 1447 866 1490; x_wconf 90' lang='lat' dir='ltr'>terrore,</span> <span class='ocrx_word' id='word_1_118' title='bbox 902 1442 978 1483; x_wconf 85' lang='lat' dir='ltr'>sed</span> <span class='ocrx_word' id='word_1_119' title='bbox 1007 1441 1139 1499; x_wconf 82' lang='lat' dir='ltr'>gratia</span> <span class='ocrx_word' id='word_1_120' title='bbox 1168 1442 1337 1504; x_wconf 87' lang='lat' dir='ltr'>plebem</span> <span class='ocrx_word' id='word_1_121' title='bbox 1370 1443 1743 1499; x_wconf 72' lang='lat' dir='ltr'>quaerere&#39;2recon-</span> 
     </span>
     <span class='ocr_line' id='line_1_17' title="bbox 375 1508 1742 1569; baseline 0.001 -17"><span class='ocrx_word' id='word_1_122' title='bbox 375 1509 478 1552; x_wconf 83' lang='lat' dir='ltr'>dere</span> <span class='ocrx_word' id='word_1_123' title='bbox 499 1508 702 1568; x_wconf 76' lang='lat' dir='ltr'>gladium,</span> <span class='ocrx_word' id='word_1_124' title='bbox 729 1524 816 1552; x_wconf 90' lang='lat' dir='ltr'>non</span> <span class='ocrx_word' id='word_1_125' title='bbox 841 1511 1058 1569; x_wconf 86' lang='lat' dir='ltr'>possidere</span> <span class='ocrx_word' id='word_1_126' title='bbox 1084 1511 1278 1555; x_wconf 81' lang='lat' dir='ltr'>aurum’.</span> <span class='ocrx_word' id='word_1_127' title='bbox 1306 1511 1480 1556; x_wconf 84' lang='lat' dir='ltr'>Talibus</span> <span class='ocrx_word' id='word_1_128' title='bbox 1495 1511 1742 1556; x_wconf 75' lang='lat' dir='ltr'>censoribus</span> 
     </span>
     <span class='ocr_line' id='line_1_18' title="bbox 373 1579 830 1638; baseline -0.004 -13"><span class='ocrx_word' id='word_1_129' title='bbox 373 1580 605 1638; x_wconf 68' lang='lat' dir='ltr'>acquisitus</span> <span class='ocrx_word' id='word_1_130' title='bbox 620 1588 682 1623; x_wconf 83' lang='lat' dir='ltr'>est</span> <span class='ocrx_word' id='word_1_131' title='bbox 699 1579 830 1623; x_wconf 88' lang='lat' dir='ltr'>orbis.</span> 
     </span>
    </p>

    <p class='ocr_par' dir='ltr' id='par_1_3' title="bbox 373 1649 1795 2557">
     <span class='ocr_line' id='line_1_19' title="bbox 434 1649 1741 1711; baseline -0.001 -16"><span class='ocrx_word' id='word_1_132' title='bbox 434 1649 659 1695; x_wconf 73' lang='lat' dir='ltr'>XXXVII.</span> <span class='ocrx_word' id='word_1_133' title='bbox 697 1650 891 1708; x_wconf 90' lang='lat' dir='ltr'>Denique</span> <span class='ocrx_word' id='word_1_134' title='bbox 917 1660 967 1694; x_wconf 91' lang='lat' dir='ltr'>ut</span> <span class='ocrx_word' id='word_1_135' title='bbox 993 1652 1099 1695; x_wconf 88' lang='lat' dir='ltr'>scias</span> <span class='ocrx_word' id='word_1_136' title='bbox 1122 1666 1297 1696; x_wconf 89' lang='lat' dir='ltr'>censum</span> <span class='ocrx_word' id='word_1_137' title='bbox 1319 1666 1410 1695; x_wconf 89' lang='lat' dir='ltr'>non</span> <span class='ocrx_word' id='word_1_138' title='bbox 1430 1650 1609 1711; x_wconf 78' lang='lat' dir='ltr'>Augusti</span> <span class='ocrx_word' id='word_1_139' title='bbox 1631 1666 1741 1701; x_wconf 85' lang='lat' dir='ltr'>esse.</span> 
     </span>
     <span class='ocr_line' id='line_1_20' title="bbox 376 1720 1742 1781; baseline -0.001 -15"><span class='ocrx_word' id='word_1_140' title='bbox 376 1722 452 1766; x_wconf 84' lang='lat' dir='ltr'>sed</span> <span class='ocrx_word' id='word_1_141' title='bbox 472 1720 655 1771; x_wconf 80' lang='lat' dir='ltr'>Christi,</span> <span class='ocrx_word' id='word_1_142' title='bbox 688 1729 803 1765; x_wconf 80' lang='lat' dir='ltr'>totus</span> <span class='ocrx_word' id='word_1_143' title='bbox 828 1723 943 1766; x_wconf 88' lang='lat' dir='ltr'>orbis</span> <span class='ocrx_word' id='word_1_144' title='bbox 965 1722 1158 1780; x_wconf 81' lang='lat' dir='ltr'>profiteri</span> <span class='ocrx_word' id='word_1_145' title='bbox 1181 1723 1367 1781; x_wconf 87' lang='lat' dir='ltr'>jubetur.</span> <span class='ocrx_word' id='word_1_146' title='bbox 1395 1723 1582 1777; x_wconf 78' lang='lat' dir='ltr'>Quando</span> <span class='ocrx_word' id='word_1_147' title='bbox 1603 1722 1742 1766; x_wconf 88' lang='lat' dir='ltr'>nasci-</span> 
     </span>
     <span class='ocr_line' id='line_1_21' title="bbox 376 1791 1745 1852; baseline 0.002 -17"><span class='ocrx_word' id='word_1_148' title='bbox 376 1802 448 1843; x_wconf 80' lang='lat' dir='ltr'>tur</span> <span class='ocrx_word' id='word_1_149' title='bbox 469 1791 681 1844; x_wconf 87' lang='lat' dir='ltr'>Christus,</span> <span class='ocrx_word' id='word_1_150' title='bbox 703 1807 851 1836; x_wconf 84' lang='lat' dir='ltr'>omnes</span> <span class='ocrx_word' id='word_1_151' title='bbox 871 1793 1132 1851; x_wconf 77' lang='lat' dir='ltr'>profitentur</span> <span class='ocrx_word' id='word_1_152' title='bbox 1146 1809 1157 1838; x_wconf 71' lang='grc' dir='ltr'><strong>ι</strong></span> <span class='ocrx_word' id='word_1_153' title='bbox 1173 1797 1344 1852; x_wconf 83' lang='lat' dir='ltr'>quando</span> <span class='ocrx_word' id='word_1_154' title='bbox 1369 1796 1556 1838; x_wconf 88' lang='lat' dir='ltr'>mundus</span> <span class='ocrx_word' id='word_1_155' title='bbox 1572 1795 1745 1849; x_wconf 83' lang='lat' dir='ltr'>conciu-</span> 
     </span>
     <span class='ocr_line' id='line_1_22' title="bbox 374 1862 1742 1924; baseline 0.001 -18"><span class='ocrx_word' id='word_1_156' title='bbox 374 1862 506 1912; x_wconf 78' lang='lat' dir='ltr'>ditur,</span> <span class='ocrx_word' id='word_1_157' title='bbox 521 1878 669 1906; x_wconf 89' lang='lat' dir='ltr'>omnes</span> <span class='ocrx_word' id='word_1_158' title='bbox 683 1864 992 1922; x_wconf 77' lang='lat' dir='ltr'>periclitantur.</span> <span class='ocrx_word' id='word_1_159' title='bbox 1012 1866 1120 1918; x_wconf 86' lang='lat' dir='ltr'>Quis</span> <span class='ocrx_word' id='word_1_160' title='bbox 1136 1881 1237 1924; x_wconf 87' lang='lat' dir='ltr'>ergo</span> <span class='ocrx_word' id='word_1_161' title='bbox 1255 1874 1421 1923; x_wconf 79' lang='lat' dir='ltr'>poterat</span> <span class='ocrx_word' id='word_1_162' title='bbox 1437 1865 1742 1924; x_wconf 73' lang='lat' dir='ltr'>professionem</span> 
     </span>
     <span class='ocr_line' id='line_1_23' title="bbox 377 1934 1743 1998; baseline 0.003 -22"><span class='ocrx_word' id='word_1_163' title='bbox 377 1934 507 1983; x_wconf 88' lang='lat' dir='ltr'>totius</span> <span class='ocrx_word' id='word_1_164' title='bbox 533 1935 648 1977; x_wconf 85' lang='lat' dir='ltr'>orbis</span> <span class='ocrx_word' id='word_1_165' title='bbox 670 1935 862 1994; x_wconf 85' lang='lat' dir='ltr'>exigere,</span> <span class='ocrx_word' id='word_1_166' title='bbox 890 1936 969 1979; x_wconf 88' lang='lat' dir='ltr'>nisi</span> <span class='ocrx_word' id='word_1_167' title='bbox 995 1937 1068 1994; x_wconf 86' lang='lat' dir='ltr'>qui</span> <span class='ocrx_word' id='word_1_168' title='bbox 1096 1937 1226 1980; x_wconf 90' lang='lat' dir='ltr'>totius</span> <span class='ocrx_word' id='word_1_169' title='bbox 1252 1936 1439 1980; x_wconf 82' lang='lat' dir='ltr'>habebat</span> <span class='ocrx_word' id='word_1_170' title='bbox 1460 1936 1576 1980; x_wconf 81' lang='lat' dir='ltr'>orbis</span> <span class='ocrx_word' id='word_1_171' title='bbox 1606 1935 1743 1998; x_wconf 79' lang='lat' dir='ltr'>impe-</span> 
     </span>
     <span class='ocr_line' id='line_1_24' title="bbox 374 2004 1743 2065; baseline 0.001 -18"><span class='ocrx_word' id='word_1_172' title='bbox 374 2004 520 2047; x_wconf 74' lang='lat' dir='ltr'>rium?</span> <span class='ocrx_word' id='word_1_173' title='bbox 540 2004 633 2048; x_wconf 80' lang='lat' dir='ltr'>Non</span> <span class='ocrx_word' id='word_1_174' title='bbox 654 2005 768 2048; x_wconf 87' lang='lat' dir='ltr'>enim</span> <span class='ocrx_word' id='word_1_175' title='bbox 793 2006 996 2064; x_wconf 84' lang='lat' dir='ltr'>Augusti,</span> <span class='ocrx_word' id='word_1_176' title='bbox 1024 2008 1098 2050; x_wconf 85' lang='lat' dir='ltr'>sed</span> <span class='ocrx_word' id='word_1_177' title='bbox 1112 2025 1127 2047; x_wconf 77' lang='grc' dir='ltr'>ι</span> <span class='ocrx_word' id='word_1_178' title='bbox 1144 2007 1315 2050; x_wconf 87' lang='lat' dir='ltr'>Domini</span> <span class='ocrx_word' id='word_1_179' title='bbox 1337 2014 1402 2050; x_wconf 89' lang='lat' dir='ltr'>est</span> <span class='ocrx_word' id='word_1_180' title='bbox 1426 2014 1553 2059; x_wconf 85' lang='lat' dir='ltr'>terra,</span> <span class='ocrx_word' id='word_1_181' title='bbox 1581 2014 1626 2058; x_wconf 76' lang='lat' dir='ltr'>et</span> <span class='ocrx_word' id='word_1_182' title='bbox 1649 2004 1743 2065; x_wconf 84' lang='lat' dir='ltr'>ple-</span> 
     </span>
     <span class='ocr_line' id='line_1_25' title="bbox 375 2070 1744 2134; baseline 0.003 -19"><span class='ocrx_word' id='word_1_183' title='bbox 375 2074 554 2118; x_wconf 82' lang='lat' dir='ltr'>»nitudo</span> <span class='ocrx_word' id='word_1_184' title='bbox 576 2075 693 2132; x_wconf 84' lang='lat' dir='ltr'>ejus.</span> <span class='ocrx_word' id='word_1_185' title='bbox 716 2075 829 2118; x_wconf 83' lang='lat' dir='ltr'>orbis</span> <span class='ocrx_word' id='word_1_186' title='bbox 853 2084 1089 2126; x_wconf 87' lang='lat' dir='ltr'>terrarum,</span> <span class='ocrx_word' id='word_1_187' title='bbox 1118 2085 1161 2119; x_wconf 90' lang='lat' dir='ltr'>et</span> <span class='ocrx_word' id='word_1_188' title='bbox 1183 2076 1368 2119; x_wconf 89' lang='lat' dir='ltr'>universi</span> <span class='ocrx_word' id='word_1_189' title='bbox 1390 2075 1462 2134; x_wconf 81' lang='lat' dir='ltr'>qui</span> <span class='ocrx_word' id='word_1_190' title='bbox 1482 2070 1679 2131; x_wconf 81' lang='lat' dir='ltr'>habitant</span> <span class='ocrx_word' id='word_1_191' title='bbox 1700 2075 1744 2119; x_wconf 87' lang='lat' dir='ltr'>in</span> 
     </span>
     <span class='ocr_line' id='line_1_26' title="bbox 377 2142 1746 2205; baseline 0.001 -19"><span class='ocrx_word' id='word_1_192' title='bbox 377 2142 705 2188; x_wconf 56' lang='lat' dir='ltr'>»eut-‚Gothis</span> <span class='ocrx_word' id='word_1_193' title='bbox 734 2160 821 2187; x_wconf 89' lang='lat' dir='ltr'>non</span> <span class='ocrx_word' id='word_1_194' title='bbox 851 2145 1089 2204; x_wconf 82' lang='lat' dir='ltr'>imperabat</span> <span class='ocrx_word' id='word_1_195' title='bbox 1119 2145 1361 2204; x_wconf 82' lang='lat' dir='ltr'>Augustus,</span> <span class='ocrx_word' id='word_1_196' title='bbox 1389 2145 1476 2189; x_wconf 82' lang='lat' dir='ltr'>non</span> <span class='ocrx_word' id='word_1_197' title='bbox 1508 2143 1746 2205; x_wconf 83' lang='lat' dir='ltr'>imperabat</span> 
     </span>
     <span class='ocr_line' id='line_1_27' title="bbox 374 2214 1795 2274; baseline -0.001 -15"><span class='ocrx_word' id='word_1_198' title='bbox 374 2214 847 2273; x_wconf 72' lang='lat' dir='ltr'>Armeniszimperabat</span> <span class='ocrx_word' id='word_1_199' title='bbox 872 2215 1079 2259; x_wconf 84' lang='lat' dir='ltr'>Christus.</span> <span class='ocrx_word' id='word_1_200' title='bbox 1111 2217 1384 2274; x_wconf 80' lang='lat' dir='ltr'>Acceperunt</span> <span class='ocrx_word' id='word_1_201' title='bbox 1412 2216 1563 2274; x_wconf 85' lang='lat' dir='ltr'>utique</span> <span class='ocrx_word' id='word_1_202' title='bbox 1586 2214 1743 2259; x_wconf 77' lang='lat' dir='ltr'>Christi</span> <span class='ocrx_word' id='word_1_203' title='bbox 1791 2228 1795 2232; x_wconf 59' lang='lat'><strong><em>⁴</em></strong></span> 
     </span>
     <span class='ocr_line' id='line_1_28' title="bbox 376 2286 1743 2345; baseline 0 -15"><span class='ocrx_word' id='word_1_204' title='bbox 376 2300 617 2336; x_wconf 83' lang='lat' dir='ltr'>censorem,</span> <span class='ocrx_word' id='word_1_205' title='bbox 646 2286 719 2344; x_wconf 92' lang='lat' dir='ltr'>qui</span> <span class='ocrx_word' id='word_1_206' title='bbox 747 2286 904 2330; x_wconf 86' lang='lat' dir='ltr'>Christi</span> <span class='ocrx_word' id='word_1_207' title='bbox 936 2295 1144 2345; x_wconf 84' lang='lat' dir='ltr'>martyres</span> <span class='ocrx_word' id='word_1_208' title='bbox 1175 2287 1416 2330; x_wconf 90' lang='lat' dir='ltr'>ediderunt.</span> <span class='ocrx_word' id='word_1_209' title='bbox 1447 2286 1501 2342; x_wconf 79' lang='lat' dir='ltr'>Et</span> <span class='ocrx_word' id='word_1_210' title='bbox 1529 2287 1625 2330; x_wconf 88' lang='lat' dir='ltr'>ideo</span> <span class='ocrx_word' id='word_1_211' title='bbox 1656 2286 1743 2342; x_wconf 67' lang='lat' dir='ltr'>for-</span> 
     </span>
     <span class='ocr_line' id='line_1_29' title="bbox 373 2356 1744 2416; baseline 0 -16"><span class='ocrx_word' id='word_1_212' title='bbox 373 2364 487 2401; x_wconf 69' lang='lat' dir='ltr'>tasse</span> <span class='ocrx_word' id='word_1_213' title='bbox 508 2369 587 2400; x_wconf 75' lang='lat' dir='ltr'>nos</span> <span class='ocrx_word' id='word_1_214' title='bbox 609 2357 800 2407; x_wconf 84' lang='lat' dir='ltr'>vincunt,</span> <span class='ocrx_word' id='word_1_215' title='bbox 835 2365 884 2400; x_wconf 91' lang='lat' dir='ltr'>ut</span> <span class='ocrx_word' id='word_1_216' title='bbox 908 2356 1133 2416; x_wconf 69' lang='lat' dir='ltr'>praesentia</span> <span class='ocrx_word' id='word_1_217' title='bbox 1166 2357 1321 2400; x_wconf 88' lang='lat' dir='ltr'>docent</span> <span class='ocrx_word' id='word_1_218' title='bbox 1332 2374 1345 2406; x_wconf 66' lang='grc' dir='ltr'><strong><em>ς</em></strong></span> <span class='ocrx_word' id='word_1_219' title='bbox 1377 2357 1578 2415; x_wconf 79' lang='lat' dir='ltr'>quoniam</span> <span class='ocrx_word' id='word_1_220' title='bbox 1613 2368 1744 2416; x_wconf 78' lang='lat' dir='ltr'>quem</span> 
     </span>
     <span class='ocr_line' id='line_1_30' title="bbox 376 2424 1744 2488; baseline 0 -17"><span class='ocrx_word' id='word_1_221' title='bbox 376 2427 438 2471; x_wconf 85' lang='lat' dir='ltr'>iui</span> <span class='ocrx_word' id='word_1_222' title='bbox 458 2427 676 2474; x_wconf 77' lang='lat' dir='ltr'>oblatione</span> <span class='ocrx_word' id='word_1_223' title='bbox 698 2427 914 2486; x_wconf 77' lang='lat' dir='ltr'>sanguinis</span> <span class='ocrx_word' id='word_1_224' title='bbox 942 2427 1206 2477; x_wconf 75' lang='lat' dir='ltr'>fatebantur,</span> <span class='ocrx_word' id='word_1_225' title='bbox 1226 2427 1326 2471; x_wconf 88' lang='lat' dir='ltr'>huic</span> <span class='ocrx_word' id='word_1_226' title='bbox 1351 2427 1521 2472; x_wconf 81' lang='lat' dir='ltr'>Arriani</span> <span class='ocrx_word' id='word_1_227' title='bbox 1543 2424 1744 2488; x_wconf 62' lang='lat' dir='ltr'>quaistio-</span> 
     </span>
     <span class='ocr_line' id='line_1_31' title="bbox 374 2494 1563 2557; baseline 0 -16"><span class='ocrx_word' id='word_1_228' title='bbox 374 2509 473 2541; x_wconf 73' lang='grc' dir='ltr'>ηοω</span> <span class='ocrx_word' id='word_1_229' title='bbox 493 2497 661 2555; x_wconf 71' lang='lat' dir='ltr'>generis</span> <span class='ocrx_word' id='word_1_230' title='bbox 681 2497 933 2541; x_wconf 74' lang='lat' dir='ltr'>inserebant.</span> <span class='ocrx_word' id='word_1_231' title='bbox 1279 2554 1283 2557; x_wconf 26' lang='grc' dir='ltr'>Ι</span> <span class='ocrx_word' id='word_1_232' title='bbox 1559 2494 1563 2501; x_wconf 81' lang='lat'>&#39;</span> 
     </span>
    </p>

    <p class='ocr_par' dir='ltr' id='par_1_4' title="bbox 446 2566 1447 2627">
     <span class='ocr_line' id='line_1_32' title="bbox 446 2566 1447 2627; baseline -0.002 -17"><span class='ocrx_word' id='word_1_233' title='bbox 446 2584 465 2609; x_wconf 77' lang='grc' dir='ltr'>ι</span> <span class='ocrx_word' id='word_1_234' title='bbox 479 2566 597 2618; x_wconf 63' lang='lat' dir='ltr'>line,</span> <span class='ocrx_word' id='word_1_235' title='bbox 618 2567 771 2625; x_wconf 81' lang='lat' dir='ltr'>inquit,</span> <span class='ocrx_word' id='word_1_236' title='bbox 794 2567 1000 2626; x_wconf 68' lang='lat' dir='ltr'>professio</span> <span class='ocrx_word' id='word_1_237' title='bbox 1019 2567 1157 2627; x_wconf 88' lang='lat' dir='ltr'>prima</span> <span class='ocrx_word' id='word_1_238' title='bbox 1179 2567 1288 2611; x_wconf 76' lang='lat' dir='ltr'>sacta</span> <span class='ocrx_word' id='word_1_239' title='bbox 1308 2567 1410 2612; x_wconf 82' lang='lat' dir='ltr'>est⁸.</span> <span class='ocrx_word' id='word_1_240' title='bbox 1430 2587 1447 2608; x_wconf 75' lang='grc' dir='ltr'>ι</span> 
     </span>
    </p>

    <p class='ocr_par' dir='ltr' id='par_1_5' title="bbox 432 2635 1743 2699">
     <span class='ocr_line' id='line_1_33' title="bbox 432 2635 1743 2699; baseline 0 -17"><span class='ocrx_word' id='word_1_241' title='bbox 432 2635 680 2699; x_wconf 46' lang='lat' dir='ltr'>mis-¹1¹³</span> <span class='ocrx_word' id='word_1_242' title='bbox 716 2636 848 2696; x_wconf 71' lang='lat' dir='ltr'>Atqui</span> <span class='ocrx_word' id='word_1_243' title='bbox 868 2638 1092 2696; x_wconf 50' lang='lat' dir='ltr'>Pleraque</span> <span class='ocrx_word' id='word_1_244' title='bbox 1117 2638 1205 2697; x_wconf 76' lang='lat' dir='ltr'>jam</span> <span class='ocrx_word' id='word_1_245' title='bbox 1235 2646 1378 2698; x_wconf 78' lang='lat' dir='ltr'>partes</span> <span class='ocrx_word' id='word_1_246' title='bbox 1398 2647 1743 2697; x_wconf 63' lang='lat' dir='ltr'>mun-qm</span> 
     </span>
    </p>
   </div>
   <div class='ocr_carea' id='block_1_3' title="bbox 422 2727 1373 2775">
    <p class='ocr_par' dir='ltr' id='par_1_6' title="bbox 422 2727 1373 2775">
     <span class='ocr_line' id='line_1_34' title="bbox 422 2727 1373 2775; baseline 0.001 -11"><span class='ocrx_word' id='word_1_247' title='bbox 422 2738 432 2754; x_wconf 89' lang='lat'><em>¹</em></span> <span class='ocrx_word' id='word_1_248' title='bbox 448 2728 569 2764; x_wconf 71' lang='lat' dir='ltr'>unuh.</span> <span class='ocrx_word' id='word_1_249' title='bbox 588 2739 622 2769; x_wconf 83' lang='lat' dir='ltr'>x,</span> <span class='ocrx_word' id='word_1_250' title='bbox 642 2741 674 2775; x_wconf 82' lang='lat'>9.</span> <span class='ocrx_word' id='word_1_251' title='bbox 694 2740 743 2762; x_wconf 80' lang='lat' dir='ltr'>xo.</span> <span class='ocrx_word' id='word_1_252' title='bbox 754 2747 797 2755; x_wconf 89' lang='lat'>-·</span> <span class='ocrx_word' id='word_1_253' title='bbox 813 2738 827 2753; x_wconf 86' lang='lat'>·</span> <span class='ocrx_word' id='word_1_254' title='bbox 842 2727 928 2764; x_wconf 68' lang='lat' dir='ltr'>Psai.</span> <span class='ocrx_word' id='word_1_255' title='bbox 943 2740 1039 2769; x_wconf 72' lang='lat' dir='ltr'>xxm.</span> <span class='ocrx_word' id='word_1_256' title='bbox 1058 2742 1088 2765; x_wconf 83' lang='lat'>1.</span> <span class='ocrx_word' id='word_1_257' title='bbox 1104 2749 1144 2757; x_wconf 88' lang='lat'>—</span> <span class='ocrx_word' id='word_1_258' title='bbox 1158 2733 1175 2757; x_wconf 77' lang='lat'>⁵</span> <span class='ocrx_word' id='word_1_259' title='bbox 1189 2732 1267 2765; x_wconf 89' lang='lat' dir='ltr'>Luc.</span> <span class='ocrx_word' id='word_1_260' title='bbox 1288 2742 1327 2773; x_wconf 83' lang='lat' dir='ltr'>n,</span> <span class='ocrx_word' id='word_1_261' title='bbox 1344 2736 1373 2765; x_wconf 63' lang='lat' dir='ltr'>a.</span> 
     </span>
    </p>
   </div>
  </div>
 </body>
</html>
