1846 3262
401 282 485 334 364
954 297 987 325 s.
1026 296 1220 326 annuosn

395 384 438 419 et
461 374 571 418 filius
591 374 634 418 in
668 383 831 434 patrem
854 374 994 419 studio
1032 376 1247 434 religionis
1277 376 1528 436 insurgunt3
1555 377 1655 436 quia
1682 383 1770 423 non

398 461 546 489 omnes
564 447 679 504 quod
692 445 966 495 adoriuntur,
986 446 1202 490 efficiunt:
1221 446 1332 490 «Sed
1348 447 1770 506 quiperseveraverit

399 516 634 565 »in.ssne1n,
653 517 723 559 hie
736 518 874 559 salvus
891 516 1009 560 erit¹.
1028 517 1165 560 »Tum
1186 517 1340 560 deinde
1355 532 1442 560 non
1465 517 1633 562 forense
1648 519 1772 563 obse-

399 588 570 646 quium,
593 589 667 630 sed
684 587 927 630 interiorem
951 587 1158 630 Dominus
1181 587 1361 631 rimatur
1381 587 1607 638 affectum:
1630 604 1771 648 neque

401 661 512 702 enim
535 660 567 702 si
592 660 702 711 juste
724 659 893 709 offeras,
918 667 961 702 et
983 674 1067 702 non
1090 659 1201 717 juste
1229 659 1434 711 dividas',
1459 669 1684 720 acceptum
1707 669 1772 704 est

403 728 659 773 sacrificium
673 730 775 772 Deo.
792 730 905 788 Ergo
917 745 970 773 ex
981 744 1066 772 uno
1082 738 1214 773 strato
1235 736 1316 787 (est
1336 729 1451 773 enim
1461 738 1641 774 stratum
1656 730 1773 774 infir·

402 799 562 842 mitatis
582 799 796 847 humanae.
813 800 910 857 quia
931 800 1137 858 scriptum
1159 808 1224 844 est
1248 815 1289 839 τι
1315 801 1568 844 Universum
1590 809 1771 844 stratum

403 889 419 910 ι
433 870 525 928 ejus
561 871 734 914 versasti
776 871 819 914 in
845 871 1091 916 infirmitate
1122 871 1264 931 ejus⁸)
1283 906 1294 923 ,
1335 867 1444 916 unus
1485 873 1738 932 relinquitur
1758 905 1770 922 ,

405 943 511 985 alter
528 943 768 987 assumitur.
793 944 875 996 Qui
894 945 1138 992 assumitur.
1162 946 1325 1003 rapitur
1350 944 1518 988 obviam
1536 945 1707 989 Christo
1728 946 1771 989 in

403 1016 499 1056 ae‘ra
513 1012 526 1034 ⁶
546 1028 557 1056 t
576 1014 646 1071 qui
666 1023 806 1056 autem
824 1014 1094 1072 relinquitur,
1120 1015 1402 1074 improbatur.

461 1083 652 1128 XLVm.
703 1104 718 1124 α
735 1085 837 1128 Duae
868 1088 1076 1128 molentes
1105 1086 1146 1128 in
1175 1087 1368 1145 pistrino.
1387 1086 1574 1130 »Sensus
1596 1086 1771 1145 quidem

402 1158 466 1199 est
489 1158 604 1214 quod
627 1156 668 1199 hi
686 1155 914 1215 significari
937 1157 1183 1209 videantur,
1208 1158 1279 1214 qui
1301 1172 1352 1200 ex
1375 1157 1556 1201 occultis
1573 1157 1773 1201 alimenta

403 1236 590 1287 quaerant
606 1260 615 1275 ‚
638 1237 681 1271 et
705 1228 746 1270 iu
765 1236 959 1287 apertum
980 1243 1030 1270 ex
1056 1227 1329 1271 interioribus
1346 1228 1578 1287 proferant.
1606 1228 1692 1272 Sed
1714 1236 1772 1272 ta-

401 1313 499 1341 men
527 1297 630 1356 quid
655 1299 816 1341 molant
853 1299 942 1342 istae
978 1300 1073 1342 duae
1109 1299 1332 1348 mulieres,
1363 1299 1668 1357 requirendum
1689 1307 1766 1342 est.

402 1370 487 1414 Nisi
505 1370 612 1413 sorte
629 1371 745 1428 quod
758 1366 937 1429 legimus
950 1370 990 1413 in
1006 1371 1125 1414 Esaia
1147 1385 1156 1413 :
1173 1388 1189 1410 ι
1206 1370 1249 1414 Si
1269 1369 1453 1414 afferatis
1469 1370 1768 1430 similaginem,

399 1461 415 1482 ι
429 1457 583 1485 vanum
594 1442 704 1492 est⁵3
728 1461 742 1481 ι
758 1451 805 1486 ut
825 1442 1017 1502 similago
1035 1442 1103 1492 sit,
1119 1458 1212 1501 quae
1229 1458 1251 1486 a
1266 1442 1524 1486 molentibus
1544 1441 1765 1487 offeratur.
1799 1495 1801 1497 ι

401 1513 688 1556 Discutiamus
709 1529 810 1572 ergo
848 1529 941 1572 quae
974 1515 1160 1563 molant,
1200 1514 1357 1572 quidve
1388 1514 1551 1557 molant
1568 1546 1578 1562 ,
1615 1513 1772 1572 quidve

402 1584 627 1642 pistrinum
660 1584 725 1626 sit.
769 1585 821 1627 Et
843 1584 1018 1627 sortasse
1041 1585 1226 1627 mundus
1255 1585 1332 1627 iste
1354 1585 1580 1643 pistrinum
1616 1593 1701 1634 est,
1727 1583 1771 1627 in

403 1670 489 1711 quo
514 1655 649 1713 aptius
667 1670 764 1697 reor
788 1656 885 1712 quia
908 1655 1082 1698 humani
1105 1656 1295 1713 corporis
1309 1655 1443 1698 forma
1471 1655 1703 1704 referatur,
1728 1655 1771 1698 in

402 1740 486 1782 quo
510 1725 646 1768 anima
672 1734 814 1768 nostra
834 1727 946 1769 velut
968 1727 1153 1782 quodam
1173 1741 1344 1769 carcere
1361 1725 1595 1770 includitur
1615 1741 1772 1783 corpo-

401 1796 494 1844 rali,
518 1811 690 1854 panem,
714 1796 747 1839 si
768 1797 869 1839 boni
888 1798 1099 1846 consulat,
1119 1806 1345 1856 operatura
1367 1797 1600 1840 coelestem.
1621 1796 1670 1839 In
1687 1796 1771 1839 hoc

401 1882 501 1926 ergo
519 1867 695 1926 pistrino
712 1869 777 1911 vel
799 1868 1037 1928 Synagoga,
1055 1869 1121 1911 vel
1144 1868 1280 1910 anima
1295 1868 1477 1912 obnoxia
1495 1867 1677 1918 delictis,
1695 1867 1768 1911 tri·

401 1939 534 1982 ticum
555 1940 759 1983 molendo
776 1940 1062 1983 madefactum
1075 1973 1085 1988 .
1106 1949 1147 1983 et
1158 1940 1273 1998 gravi
1291 1940 1471 1983 humore
1489 1948 1740 1998 corruptum
1756 1972 1768 1989 ,

402 2024 488 2051 uon
514 2018 652 2068 potest
674 2010 874 2054 interiora
897 2012 948 2053 ab
971 2011 1254 2054 exterioribus
1273 2026 1470 2069 separare
1479 2027 1492 2060 ;
1516 2019 1560 2054 et
1581 2009 1678 2053 ideo
1700 2024 1770 2052 re·

398 2080 626 2138 linquitur,
665 2081 761 2138 quia
802 2081 893 2138 ejus
929 2082 1121 2139 similago
1151 2082 1382 2140 displicuit.
1410 2080 1466 2125 At
1498 2094 1599 2123 vero
1621 2087 1770 2123 sancta

400 2152 588 2195 Ecclesia
603 2154 700 2202 ‚-vel
717 2153 854 2196 anima
879 2153 1005 2195 nullis
1028 2154 1236 2195 maculata
1261 2152 1466 2209 contagiis
1484 2151 1740 2195 delictorum
1755 2184 1767 2202 ,

399 2237 492 2279 quae
515 2224 597 2265 tale
618 2223 808 2266 triticum
829 2225 964 2267 molet
985 2225 1101 2280 quod
1123 2224 1221 2266 solis
1238 2223 1385 2266 :eterni
1408 2225 1550 2266 calore
1572 2223 1627 2266 sit
1650 2221 1772 2266 torri-

400 2294 501 2336 dum
519 2327 530 2344 ‚
555 2294 670 2352 quod
701 2294 813 2337 Deus
835 2295 1198 2353 quemadmodum
1230 2294 1384 2343 voluit,
1417 2293 1476 2337 sic
1503 2292 1692 2342 vestivit,
1728 2300 1772 2335 et

397 2365 547 2423 Angeli
570 2366 623 2408 ab
646 2366 762 2409 omni
784 2374 1165 2425 purgamentorum
1187 2366 1284 2408 labe
1302 2366 1591 2414 mundarunt,
1614 2364 1771 2407 bonam

397 2438 678 2496 similaginem
692 2439 744 2482 de
761 2439 1046 2498 penetralibus
1064 2436 1288 2481 hominum
1307 2435 1395 2479 Deo
1419 2435 1607 2480 offerens
1645 2433 1774 2478 sacri·

400 2508 486 2553 ficii
503 2510 568 2552 sui
589 2509 817 2553 libamenta
836 2510 1121 2552 commendat.

449 2619 459 2636 ¹
475 2611 594 2646 Matth.
616 2623 648 2652 x,
666 2623 719 2645 υ.
732 2630 773 2637 -
792 2619 802 2634 ·
821 2611 907 2646 Gen.
925 2623 967 2649 ιν,
983 2623 1016 2655 7.
1033 2629 1073 2636 —-
1089 2613 1104 2637 ⁸
1121 2611 1202 2646 Psal.
1224 2622 1280 2653 ιι,
1295 2610 1327 2650 4.
1348 2628 1389 2635 -
1412 2613 1425 2638 4
1447 2618 1459 2642 ι
1487 2609 1596 2643 Thess
1617 2617 1664 2648 tv,
1678 2605 1773 2640 16.—

402 2669 415 2690 ⁵
433 2665 510 2700 lsai.
523 2677 548 2705 ι,
567 2665 618 2700 1³.
