1846 3262
423 323 504 401 196
970 336 1004 377 s.
1041 330 1234 377 Iussum

414 457 431 480 n
444 439 591 481 nostro
602 425 972 478 circumferente&
982 458 992 472 .
1013 444 1029 468 ι
1042 424 1137 472 Noli
1156 424 1208 469 ad
1223 431 1391 468 terrena
1403 412 1581 473 inflecti,
1591 432 1648 467 ne
1659 414 1777 468 tunm

417 507 670 553 arundinem
697 503 878 561 frangas.
907 499 961 544 Et
986 498 1082 542 ideo
1103 498 1156 540 de
1177 495 1365 546 Christo,
1388 494 1484 554 quia
1506 508 1591 539 non
1612 502 1704 539 erat
1727 492 1779 538 ad

416 592 585 626 terrena
606 575 862 623 curvandus,
885 570 1189 631 prophetatum
1215 577 1279 612 est
1299 583 1309 611 ε
1327 585 1343 608 ι
1360 567 1627 611 Arundinem
1658 580 1782 626 quas-

418 673 435 696 »
449 660 581 696 satam
596 663 681 693 non
699 642 983 703 confringet²;
1001 661 1018 682 n
1033 640 1233 699 quoniam
1250 653 1440 690 carnem,
1459 653 1588 697 quam
1605 645 1782 698 peccata

418 725 734 782 quassaverant,
750 712 1074 759 resurrectionis
1089 711 1244 754 virtute
1261 709 1468 754 solidavit.
1483 710 1601 754 Bona
1619 709 1782 753 arundo

418 808 519 837 caro
551 788 726 837 Christi,
756 800 850 844 quae
882 782 1092 842 serpentis
1122 780 1278 824 diaboli
1310 788 1457 839 caput,
1484 787 1527 823 et
1556 779 1783 824 mundanae

415 862 662 923 cupiditatis·
678 858 901 903 illecebras
927 855 1119 914 patibulo
1143 853 1283 896 crucis
1303 852 1447 895 affixit.
1648 839 1664 845 Γ

486 953 503 975 ι
517 935 602 979 Sed
618 931 722 990 quid
737 928 878 972 existis
893 927 937 969 in
950 927 1166 970 desertum
1184 923 1359 968 videre?
1374 922 1643 967 Arundinem
1659 930 1785 966 vento

420 1002 640 1050 »moverii’
660 1000 778 1054 Quid
805 997 948 1042 existis
978 994 1155 1040 videre?
1182 994 1409 1039 Hominem
1433 993 1635 1037 mollibus
1655 992 1787 1037 vesti-

418 1096 434 1118 »
448 1075 604 1119 mentis
624 1072 823 1115 indutum
838 1068 878 1111 ΒΡ
893 1087 907 1108 ο
1375 1073 1380 1078 ·

483 1144 609 1188 CVII.
646 1141 741 1187 Non
770 1140 842 1183 hic
867 1138 1041 1182 Domini
1073 1152 1213 1181 sermo
1234 1137 1287 1179 de
1311 1135 1520 1185 vestibus;
1544 1148 1789 1192 quanquam

355 1213 357 1215 ’
419 1217 644 1275 plerosque
663 1210 870 1255 mollioris
891 1223 992 1252 cura
1017 1208 1142 1251 vestis
1163 1206 1397 1250 effoeminet
1412 1238 1424 1256 ,
1449 1205 1523 1263 qui
1543 1204 1662 1263 quasi
1682 1206 1789 1249 lanae

421 1302 528 1330 onus
551 1285 755 1328 fcrrenon
778 1281 956 1341 possint,
970 1280 1129 1323 sericas
1149 1287 1284 1322 vestes
1305 1277 1428 1321 tectis
1438 1293 1516 1337 per
1526 1285 1790 1321 terramver-

421 1367 523 1402 runt
532 1355 733 1414 vestigiis,
745 1367 911 1411 usuque
922 1351 1083 1394 faciunt
1093 1358 1138 1392 ut
1149 1349 1457 1392 amictusoneri
1469 1348 1534 1392 sit.
1552 1347 1638 1392 Sed
1647 1356 1791 1392 tamen

425 1429 503 1472 alia
526 1427 695 1471 videtur
714 1425 786 1467 hic
807 1423 1057 1466 indumenta
1080 1420 1262 1479 signare,
1281 1428 1324 1463 et
1340 1419 1420 1463 nisi
1442 1419 1580 1469 fallor,
1603 1419 1791 1462 bumana

426 1513 607 1557 corpora
628 1497 784 1554 quibus
805 1494 944 1537 anima
971 1500 1113 1535 nostra
1139 1492 1331 1534 vestitur.
1361 1490 1556 1548 Denique
1571 1498 1616 1534 et
1631 1490 1792 1549 Joseph

424 1569 569 1612 tunica
602 1566 655 1610 ad
676 1565 863 1624 speciem
884 1562 1097 1605 Dominici
1129 1561 1320 1619 corporis
1343 1570 1566 1605 cruentata
1595 1561 1704 1605 esth
1739 1561 1794 1605 Et

427 1638 659 1697 Apostolus
682 1635 738 1678 ait
764 1634 981 1678 :aExuens
1008 1647 1053 1674 se
1075 1646 1270 1682 carnem,
1299 1631 1562 1691 principatus
1581 1640 1626 1675 et
1649 1640 1793 1691 potes-

428 1716 565 1751 »tates
582 1720 729 1750 omnes
749 1703 974 1747 traduxit⁵.
992 1721 1007 1742 a
1022 1702 1139 1755 Quid
1162 1702 1277 1745 aliud
1297 1702 1509 1751 ostendit,
1527 1702 1607 1746 nisi
1626 1702 1720 1746 vice
1737 1703 1797 1746 in·

434 1768 626 1823 iffimenti
652 1791 809 1835 corpus
832 1775 960 1818 fuisse
975 1806 986 1823 ,
1016 1788 1101 1831 quo
1122 1789 1165 1815 se
1189 1773 1245 1816 ita
1277 1773 1505 1832 expoliavit
1526 1772 1732 1817 Dominus
1753 1773 1796 1817 in

430 1851 644 1910 passione,
663 1858 712 1892 ut
723 1846 930 1892 Divinitas
946 1845 1078 1888 libera
1095 1844 1383 1901 immunisque
1397 1852 1590 1888 maneret
1604 1843 1800 1903 injurias?

429 1924 562 1967 Totus
581 1921 709 1977 igitur
724 1918 796 1962 hic
815 1919 938 1961 locus
952 1916 1147 1973 exemplo
1163 1929 1239 1958 nos
1255 1914 1509 1974 prophetico
1525 1915 1580 1960 ad
1594 1914 1800 1960 virtutem

433 1992 665 2037 subeundae
690 1987 894 2048 passionis
916 1987 1128 2030 hortatur.
1154 1985 1350 2044 Denique
1371 1984 1535 2029 addidit
1557 2001 1568 2028 ε
1705 2036 1710 2042 ,

504 2063 642 2106 «Ecce
671 2060 743 2119 qui
773 2060 816 2103 in
846 2066 962 2102 veste
998 2057 1183 2117 pretiosa
1219 2065 1318 2100 sunt
1344 2055 1387 2100 in
1417 2056 1620 2100 domibus
1650 2071 1800 2116 regum

436 2154 452 2174 ι
467 2131 606 2176 sunt⁶.
621 2151 638 2171 υ

501 2202 649 2247 CVIII.
685 2199 794 2243 Sunt
818 2199 947 2242 etiam
969 2197 1112 2241 mollia
1135 2197 1382 2242 indumenta
1407 2197 1598 2242 deliciosi
1616 2205 1738 2242 actus
1759 2205 1803 2242 et

439 2290 580 2320 mores
599 2290 609 2317 ε
630 2281 805 2333 propter
825 2271 939 2330 quod
956 2286 1031 2314 nos
1051 2271 1246 2315 hortatur
1260 2269 1506 2329 Apostolus,
1523 2278 1573 2315 ut
1589 2271 1804 2331 expolian-

439 2358 503 2392 tes
533 2355 720 2391 veterem
751 2344 970 2387 hominem
993 2357 1093 2386 cum
1115 2342 1280 2385 actibus
1305 2341 1441 2400 ejus⁷,
1469 2341 1698 2387 induamus
1723 2357 1805 2387 no-

438 2433 561 2467 vum,
590 2417 632 2459 in
655 2430 739 2473 quo
760 2429 846 2457 non
874 2413 1010 2457 dulcis
1032 2412 1232 2455 illecebra
1256 2412 1334 2462 sit,
1359 2413 1572 2471 ludusque
1597 2411 1804 2463 lascivias.

445 2489 520 2531 sed
538 2502 640 2554 usus
657 2485 818 2530 laboris
840 2493 882 2528 et
898 2484 1062 2527 fructus
1074 2500 1085 2533 ;
1105 2498 1156 2526 eo
1173 2484 1288 2540 quod
1312 2491 1456 2527 tenera
1478 2483 1668 2544 corporis
1682 2497 1805 2535 cura,

441 2561 654 2617 luxuque,
685 2566 728 2600 et
759 2555 1027 2600 lasciviarum
1057 2553 1290 2612 cupiditate
1321 2553 1508 2598 mollitos
1538 2567 1810 2613 nequaquam

489 2670 499 2685 ¹
531 2672 551 2693 a
577 2659 656 2693 Cor.
684 2669 730 2694 iv.
762 2670 810 2691 ιο.
826 2676 866 2685 -
896 2668 909 2683 ·
939 2658 1019 2691 lsai.
1047 2667 1127 2695 xm,
1147 2658 1179 2690 5.
1210 2675 1250 2683 -
1270 2658 1284 2682 ⁸
1313 2658 1393 2691 Luc.
1411 2669 1472 2693 vn.
1490 2657 1545 2697 ak,
1560 2658 1613 2691 25.
1632 2657 1810 2692 —uzene

443 2726 569 2756 unu,
596 2715 648 2748 51.
668 2731 708 2740 -
737 2716 748 2737 ⁵
767 2714 880 2747 coloss
894 2725 946 2757 m,
974 2714 1019 2745 15.
1045 2730 1085 2738 —
1101 2714 1117 2737 ⁶
1135 2713 1212 2746 Luc.
1235 2722 1295 2752 vu,
1315 2714 1422 2746 25.—-
1449 2718 1462 2744 1
1481 2712 1608 2747 Coloss.
1632 2722 1688 2754 ut,
1704 2723 1739 2758 9,
1757 2722 1807 2749 ιο.
