1846 3262
352 264 431 307 252
900 285 931 314 s.
973 283 1164 312 Aunnosn

349 365 413 399 est
431 356 508 401 iste
530 357 633 402 fullo
652 393 663 409 ‚
688 360 766 404 nisi
793 350 901 406 sorte
918 362 989 406 ille
1006 361 1077 420 qui
1101 359 1254 404 delicta
1277 368 1421 404 nostra
1447 361 1587 405 lavare
1603 368 1718 407 coni
1767 416 1774 421 -

350 426 517 483 suevit?
535 428 727 488 Denique
745 431 833 490 ipse
850 433 954 476 dixit
975 448 986 476 ε
1011 451 1026 471 α
1043 430 1086 474 Si
1101 431 1423 475 suerintdelicta
1441 440 1577 475 vestra
1600 433 1713 477 sicut

350 498 675 557 »phoenicium‚'
701 510 750 546 ut
778 503 918 547 nivem
947 501 1199 547 dealbab0¹.
1219 521 1236 542 ι
1263 502 1369 554 Quis
1393 511 1458 546 est
1484 503 1561 546 iste
1588 503 1713 559 fullo,

354 569 434 611 nisi
455 570 526 627 qui
551 569 799 617 indumenta
820 575 953 619 nostri
974 573 1213 617 intellectus
1237 573 1393 621 abluit,
1416 581 1460 616 et
1479 572 1617 617 induit
1636 589 1713 618 nos

351 638 600 685 indumenta
639 643 868 694 virtutum,
907 644 1149 701 ablutisque
1185 642 1362 686 maculis
1393 644 1712 702 corporalibus,

353 709 442 754 Soli
463 712 570 756 solet
592 713 748 758 offerre
768 716 943 759 divino?

377 789 379 791 ’
409 781 505 826 XV.
523 782 816 830 Audivietiam
838 785 903 843 (ut
920 787 974 830 ad
989 787 1310 845 redarguendos
1326 795 1399 829 eos
1418 785 1472 828 de
1491 785 1717 830 contrariis

352 864 570 896 sumamus
591 858 862 915 exemplum)
881 858 1063 900 duorum
1080 856 1354 915 prudentium
1371 856 1613 900 facundiam
1629 857 1717 901 nivi

353 928 396 962 et
418 921 567 979 apibus
589 938 856 984 comparasse
879 928 985 986 (4ο).
1018 926 1163 970 inveni
1185 941 1355 984 quoque
1373 925 1526 969 dixisse
1543 925 1681 970 David
1703 941 1714 969 ε

365 1006 382 1028 α
400 989 541 1044 Quam
564 994 704 1038 dulcia
720 995 913 1040 faucibus
934 997 1039 1040 meis
1067 996 1196 1039 verba
1221 1004 1291 1039 tua
1305 1028 1316 1045 ,
1339 1011 1466 1054 super
1482 997 1568 1039 mel
1589 1005 1633 1040 et
1654 996 1719 1040 sa-

357 1078 373 1098 »
388 1073 487 1103 vum
507 1063 570 1106 ori
592 1064 730 1109 meo'.
753 1085 769 1107 »
790 1066 843 1109 Et
864 1067 970 1110 infra
991 1082 1000 1109 :
1027 1085 1042 1106 a
1060 1065 1255 1109 Lucerna
1281 1066 1461 1124 pedibus
1488 1066 1595 1109 meis
1622 1081 1719 1110 ver·

356 1148 374 1170 ι
387 1130 490 1174 bum
511 1140 631 1177 tuum
646 1167 657 1184 ,
679 1135 860 1180 Domine
874 1170 885 1187 ,
903 1147 946 1181 et
962 1139 1034 1180 lux
1050 1137 1209 1181 semitis
1227 1136 1373 1180 meis⁸.
1399 1155 1415 1177 ιι
1437 1135 1627 1181 Verbum
1641 1136 1721 1180 Dei

356 1200 427 1243 lux
447 1210 511 1244 est
527 1235 538 1255 ‚
564 1203 752 1250 Verbum
770 1207 846 1251 Dei
869 1209 940 1252 nix
957 1217 1035 1252 est.
1058 1207 1196 1267 Super
1222 1206 1309 1250 me]
1334 1221 1504 1265 quoque
1519 1216 1562 1250 et
1575 1206 1721 1251 savum

356 1279 420 1315 est
443 1271 521 1316 Dei
546 1276 744 1327 verbum,
765 1280 881 1336 quod
903 1294 975 1322 ore
993 1278 1135 1322 divino
1156 1279 1282 1321 melle
1304 1277 1471 1321 dulcior
1490 1276 1613 1322 fluxit
1631 1291 1724 1321 ora-

359 1340 440 1390 tio.
474 1351 517 1387 et
543 1347 795 1405 perspicua,
827 1349 935 1393 nivis
957 1350 1068 1400 ritu,
1103 1349 1370 1392 mollioribus
1402 1349 1563 1392 cadunt
1593 1348 1722 1392 verba

358 1413 594 1458 sententiis.
624 1416 733 1461 Vere
763 1418 834 1462 hic
866 1421 980 1462 solus
1011 1434 1151 1462 sermo
1183 1418 1350 1461 nivibus
1382 1419 1719 1477 comparandus,

357 1481 429 1538 qui
451 1484 503 1526 de
521 1487 628 1529 coelo
645 1487 796 1532 missus
820 1489 862 1532 in
889 1498 1040 1539 terras,
1059 1489 1205 1547 jejuna
1228 1498 1475 1532 nostrorum
1499 1503 1596 1532 arva
1616 1502 1724 1548 pec-

355 1558 497 1595 torum
529 1554 803 1602 foecundavit.
843 1559 972 1612 Quod
994 1574 1078 1602 non
1100 1558 1368 1617 usurpatorie
1390 1566 1719 1616 praesumptum,

357 1621 433 1663 sed
449 1636 501 1665 ex
514 1623 709 1669 lectionis
726 1629 834 1672 serie
852 1629 1088 1673 derivatum
1104 1629 1217 1672 Deus
1234 1628 1323 1686 ipse
1340 1636 1536 1679 testatur,
1555 1628 1719 1671 dicens:

370 1707 387 1729 α
402 1690 664 1750 Expectetur
690 1697 800 1741 sicut
821 1699 960 1757 pluvia
982 1699 1199 1757 eloquium
1218 1713 1360 1741 menn]
1375 1730 1384 1745 .
1403 1707 1446 1741 et
1463 1698 1725 1741 descendant

360 1759 506 1806 »velut
527 1778 596 1807 ros
613 1766 738 1809 verba
762 1783 879 1818 mea,
895 1769 1003 1812 sicut
1019 1768 1156 1812 imber
1177 1783 1305 1827 super
1325 1783 1498 1826 gramen
1515 1801 1526 1817 ‚
1551 1776 1595 1811 et
1613 1767 1726 1811 sicut

361 1849 378 1872 ι
392 1833 464 1876 nix
484 1850 613 1894 super
631 1837 838 1883 foenum⁶.
859 1858 876 1881 n

375 1922 379 1926 ’
417 1903 533 1950 XVI.
574 1908 743 1952 Utinam
757 1943 768 1959 ,
792 1910 974 1955 Domine
1004 1911 1109 1955 Jesu
1126 1945 1137 1962 ,
1171 1927 1291 1955 mens
1325 1925 1419 1954 mea
1449 1910 1603 1969 pluviae
1638 1918 1722 1953 tuae

360 1974 541 2022 humore
561 1979 787 2026 viridescat
807 1983 817 2023 ἔ
840 1983 1007 2038 ¹utinam
1024 1991 1182 2026 terram
1201 1986 1339 2025 meam
1364 1981 1474 2024 nivis
1491 1981 1611 2024 istius
1630 1995 1729 2024 can·

361 2046 465 2090 dore
491 2053 734 2109 respergas!
762 2067 815 2095 ne
836 2068 1110 2112 praepropero
1132 2054 1274 2096 calore
1302 2051 1514 2095 vernantis
1535 2051 1726 2108 corporis

362 2131 459 2161 arva
480 2119 718 2173 luxurient,
741 2124 815 2166 sed
834 2124 975 2182 potius
1000 2124 1092 2167 fotu
1114 2124 1240 2167 nivali
1263 2123 1423 2167 semina
1443 2122 1563 2166 verbi
1583 2122 1728 2165 coeles-

362 2188 415 2232 tis
435 2204 578 2248 pressa
605 2192 866 2237 foecundent.
895 2194 975 2238 Nix
992 2209 1090 2237 cum
1107 2195 1245 2243 cadit,
1271 2209 1367 2237 aves
1389 2194 1484 2237 coeli
1508 2193 1581 2236 ubi
1604 2193 1727 2236 inha-

364 2258 502 2303 bitent
533 2276 619 2305 non
664 2264 825 2308 habent
845 2297 856 2314 ‚
895 2273 938 2308 et
978 2266 1115 2308 laetior
1156 2266 1279 2309 solito
1317 2264 1446 2308 tritici
1497 2271 1727 2323 proventus

364 2329 584 2391 exuberat,

420 2400 556 2446 XVII.
595 2403 710 2449 Vidit
725 2405 836 2449 hanc
857 2407 1035 2464 gratiam
1056 2407 1227 2455 Petrus,
1254 2407 1453 2449 viderunt
1469 2414 1512 2449 et
1533 2403 1607 2462 qni
1628 2417 1727 2447 cum

363 2471 437 2515 illo
457 2481 604 2523 erant,
628 2473 731 2518 licet
751 2489 901 2518 somno
924 2475 1083 2535 gravati
1104 2475 1335 2525 suissent⁶;
1362 2474 1516 2540 premit
1535 2473 1649 2517 enim
1668 2473 1728 2515 in·

407 2582 418 2596 ¹
438 2573 514 2606 lsai.
532 2584 559 2614 1,
582 2575 633 2609 ιδ.
649 2595 690 2602 -
708 2586 719 2602 ·
739 2578 826 2612 Psoi.
842 2590 957 2616 cxviii.
980 2581 1050 2612 103.
1069 2598 1108 2605 -
1133 2582 1144 2603 ¹
1171 2579 1260 2611 lbid.
1283 2581 1399 2612 105.—
1421 2581 1433 2606 ⁴
1457 2578 1554 2611 Deut.
1569 2587 1676 2616 nxn.
1695 2587 1728 2610 a.

367 2645 409 2652 -
424 2630 438 2652 ⁶
463 2629 543 2663 Luc.
565 2640 607 2666 ix,
622 2631 676 2663 5².
749 2662 753 2667 .
