1800 3268
341 289 397 331 86
894 301 926 328 s.
967 299 1163 328 *annom

408 484 445 496 Q!
451 480 1086 496 MOEw-mwmssmwmw
1091 479 1212 492 mm
1217 476 1711 492 *mmmmm*

884 629 1063 674 LIBER
1094 628 1182 673 III.

406 786 535 830 «Er'
525 800 612 844 ipse
638 783 762 829 Jesus
793 791 886 837 erat
917 781 1124 840 incipiens
1157 781 1244 824 sere
1276 795 1493 825 annorum
1522 779 1716 839 triginta,
1762 820 1771 828 ,

336 854 439 915 »qui
462 856 691 915 putabatur
712 869 803 897 esse
824 852 935 896 filius
959 851 1138 911 Josoph.
1164 870 1180 892 ι

398 923 429 970 I.
465 926 574 970 De
548 924 892 983 generationibus
918 922 1090 971 dicturi,
1115 938 1295 981 quarum
1319 923 1576 968 nonnullam
1604 903 1721 967 vide-

341 1011 437 1040 mus
460 996 502 1039 in
528 995 757 1053 Evangelio
784 994 1021 1037 secundum
1045 993 1309 1042 Matthaeum‚
1332 992 1436 1036 vel
1426 1007 1468 1037 in
1492 991 1574 1036 hoc
1596 990 1722 1048 cujus

341 1065 737 1125 interpretationem
770 1065 976 1107 habemus
1005 1063 1047 1105 in
1080 1064 1276 1106 manibus
1295 1097 1306 1114 ,
1331 1078 1424 1107 esse
1446 1062 1720 1111 distantiam3

343 1137 543 1196 quoniam
574 1151 658 1179 non
685 1144 748 1179 est
775 1135 980 1178 credibile
1010 1134 1281 1191 adversantia
1307 1133 1386 1177 sibi
1414 1141 1584 1193 sanctos
1613 1132 1724 1179 viros

344 1206 534 1266 potuisse
565 1205 730 1256 dicore,
766 1206 820 1248 de
851 1205 977 1262 gestis
1009 1205 1246 1264 praesertim
1282 1203 1443 1258 domini
1477 1202 1722 1257 Salvatoriq,

348 1272 508 1337 quanto
530 1277 671 1320 studio
694 1292 937 1335 possumus,
961 1291 1048 1319 non
1066 1276 1220 1319 dixisse
1244 1291 1316 1318 eos
1342 1274 1626 1334 discrepantia
1648 1276 1726 1318 de-

353 1358 658 1393 monstremus.
1119 1338 1121 1341 ¹

410 1416 462 1462 11.
501 1418 554 1461 Et
575 1418 764 1476 primum
795 1417 987 1460 omnium
1018 1414 1237 1474 neminem
1265 1431 1440 1464 movere
1462 1417 1595 1462 debet,
1613 1416 1731 1473 quod

352 1488 412 1530 ita
429 1488 637 1545 scriptum
658 1496 722 1530 est
741 1503 751 1529 ι
769 1505 784 1526 ι
800 1486 884 1539 Qui
904 1489 1136 1545 putabatur
1153 1503 1244 1529 esse
1261 1486 1372 1529 filius
1387 1486 1558 1544 Ioseph.
1583 1505 1599 1526 ι
1611 1486 1730 1531 Bene

356 1558 469 1600 enim
493 1558 746 1615 putabatur.
772 1548 869 1614 quia
894 1566 1042 1599 natura
1067 1573 1150 1599 non
1175 1565 1265 1599 erat
1291 1574 1300 1598 :
1327 1557 1403 1600 sed
1425 1556 1522 1599 ideo
1552 1555 1733 1614 putaba-

362 1638 457 1678 tur3
487 1629 583 1686 quia
605 1644 703 1671 eum
724 1628 875 1677 Maria,
909 1643 1001 1685 quae
1021 1628 1187 1686 «Ioseph
1217 1628 1308 1670 viro
1335 1636 1414 1671 suo·
1434 1626 1734 1687 oratddespon-

363 1707 468 1748 sata,
499 1699 798 1756 generave‘rat3
825 1698 884 1740 sic
911 1699 1023 1740 enim
1052 1698 1182 1740 habes
1203 1713 1212 1740 :
1230 1716 1245 1737 α
1264 1698 1412 1741 Nonne
1440 1697 1508 1739 bic
1531 1705 1596 1740 est
1623 1695 1735 1739 filius

362 1788 378 1809 n
395 1769 547 1826 Josepb
566 1769 692 1810 sabri¹
712 1768 731 1810 P
749 1788 764 1807 ι)
781 1768 970 1811 Diximus
983 1785 1108 1826 supra
1127 1784 1207 1826 qua
1226 1768 1390 1810 ratione
1407 1782 1486 1826 per
1500 1767 1733 1825 virginem:

366 1839 548 1881 diximus
568 1839 694 1881 etiam
717 1854 796 1895 qua
822 1836 984 1880 ratione
1002 1855 1075 1897 per
1092 1841 1406 1896 desponsatam,
1424 1847 1466 1879 et
1483 1852 1616 1895 quare
1637 1851 1735 1879 cen·

366 1923 435 1950 sus
467 1917 660 1966 tempore
691 1909 808 1950 nasci
838 1909 1021 1951 voluerit
1044 1909 1250 1951 Dominus
1278 1907 1508 1951 Salutaris:
1527 1922 1609 1950 non
1632 1906 1733 1961 alie-

362 1993 466 2021 num
482 1979 610 2022 etiam
626 1979 794 2021 videtur
806 1988 852 2021 ut
866 1994 946 2034 qua
965 1979 1130 2021 ratione
1149 1979 1314 2020 fabrum
1336 1987 1498 2035 patrem
1516 1977 1732 2027 habuerit,

365 2050 642 2091 declaremus.
683 2049 774 2091 Hoc
805 2049 920 2090 enim
958 2058 1060 2106 typo
1099 2064 1198 2090 eum
1235 2057 1398 2105 patrem
1432 2047 1511 2089 sibi
1545 2061 1638 2090 esse
1665 2048 1738 2090 de-

364 2126 572 2159 monstrat
592 2117 663 2174 qui
687 2117 916 2160 fabricator
933 2119 1124 2159 omnium
1145 2119 1336 2160 condidit
1359 2119 1596 2167 mundum;
1620 2117 1738 2178 juxta

366 2189 481 2245 quod
508 2188 714 2245 scriptum
748 2189 940 2230 estzuln
974 2188 1184 2246 principio
1218 2188 1318 2231 fecit
1352 2189 1467 2231 Deus
1506 2189 1663 2232 coelum
1696 2194 1740 2231 ot

371 2256 600 2300 »terram².
625 2257 758 2300 »Nam
788 2266 831 2300 et
857 2258 891 2299 si
915 2258 1100 2300 humana
1122 2274 1205 2300 non
1228 2266 1325 2300 sunt
1361 2260 1646 2315 comparanda
1677 2256 1741 2301 di-

370 2327 500 2375 vinis:
533 2336 658 2385 typus
690 2336 830 2369 tamen
864 2329 1027 2386 integer
1055 2338 1119 2370 est
1150 2331 1265 2386 quod
1298 2329 1423 2371 Pator
1450 2328 1607 2371 Christi
1643 2328 1741 2386 igne

371 2405 574 2455 operatur
595 2406 637 2440 et
661 2397 838 2456 Spiritu,
862 2407 905 2440 et
928 2407 1127 2455 tanquam
1160 2400 1296 2441 bonus
1325 2399 1475 2441 animae
1504 2399 1622 2441 saber
1643 2399 1740 2441 vitia

373 2476 515 2509 nostra
543 2468 841 2516 circumdolat,
869 2468 953 2511 cito
977 2468 1161 2511 securim
1183 2470 1411 2512 admovens
1437 2469 1661 2512 arboribus
1680 2467 1741 2511 in-

372 2535 596 2587 foecundis,
615 2552 761 2580 secare
782 2539 935 2582 doctus
953 2539 1120 2597 exigua,
1140 2540 1399 2582 culminibus
1420 2553 1587 2583 servare
1607 2537 1742 2583 subli-

417 2646 426 2661 ·
449 2637 569 2672 umh.
586 2648 661 2678 xm,
676 2637 733 2671 ⁵5.
750 2656 792 2665 —
809 2649 823 2664 ι
846 2639 935 2673 Gen.
955 2651 984 2682 ι,
1001 2650 1023 2672 1.
