1800 3268
310 293 388 335 108
860 307 891 334 s.
932 306 1126 335 niueosu

306 383 503 426 ordinem
531 382 666 426 tenuit
686 398 695 425 :
719 397 858 442 neque
884 375 1034 428 Achab
1049 418 1061 435 ,
1084 399 1225 444 neque
1243 383 1522 438 Jeehoniam,
1540 401 1680 445 neque

308 461 526 511 postremo
551 454 663 496 Uriae
680 469 856 497 uxorem
885 455 1169 498 nominandos
1190 456 1379 514 putavit;
1405 465 1453 513 ut
1475 456 1680 500 immacu·

306 526 435 567 latam
472 525 749 570 sacerdotalis
775 525 942 583 generis
964 526 1117 569 seriem
1141 527 1391 570 declararet.
1429 528 1516 571 Sed
1541 536 1588 571 ut
1620 528 1679 572 illi

307 599 474 643 consilii
496 598 562 641 sui
584 597 693 639 ratio
714 596 907 640 subsistit
926 612 936 639 ι
966 597 1021 640 ita
1048 597 1177 640 etiam
1208 597 1344 641 sancti
1367 598 1552 643 Matthaei
1574 613 1681 642 con-

311 669 455 712 silium
474 684 495 712 a
519 666 695 710 rationis
717 666 879 724 justitia
902 682 988 710 non
1012 668 1228 711 abhorret.
1250 668 1357 712 Nam
1378 682 1478 712 cum
1497 683 1684 727 evange-

310 740 462 783 lizaret
482 738 714 783 Dominum
736 738 972 781 secundum
995 752 1169 782 carnem
1196 754 1287 781 esse
1313 747 1588 797 generatum,
1612 738 1686 796 qui

314 811 510 855 omnium
540 816 719 868 peccata
748 808 1007 866 susciperet,
1041 808 1286 867 subjectum
1316 805 1508 866 injuriis,
1535 807 1685 852 subdi-

312 891 406 926 tum
429 880 618 941 passioni
632 897 643 929 ς
668 895 722 922 ne
744 879 872 937 hujus
893 879 1065 938 quidem
1089 880 1253 938 putavit
1278 887 1470 923 exortem
1492 893 1686 923 asseren-

322 954 428 996 dum
473 966 565 994 esse
605 950 796 1009 pietatis.
831 959 879 994 ut
920 952 1142 994 maculutae
1178 965 1351 1008 quoque
1386 949 1560 1009 originis
1597 964 1686 992 nou

319 1030 538 1066 recusaret
584 1020 784 1078 injuriam
814 1036 824 1062 :
869 1021 997 1064 simul
1035 1035 1089 1063 ne
1130 1021 1312 1080 puderet
1350 1019 1589 1064 Ecclesiam
1631 1019 1686 1063 de

316 1092 615 1152 peccatoribus
656 1101 921 1135 nasceretur.
961 1092 1183 1135 Postremo
1223 1100 1272 1135 ut
1311 1089 1571 1135 beneficium
1614 1105 1686 1133 re-

317 1163 574 1221 demptionis
605 1162 732 1205 etiam
771 1178 795 1206 a
829 1162 916 1205 suis
952 1162 1187 1220 majoribus
1220 1162 1467 1211 inchoaret;
1506 1176 1559 1204 ne
1591 1161 1686 1218 quis

319 1242 490 1293 putaret
511 1233 684 1292 originis
699 1230 912 1275 maculam
929 1232 1236 1291 impedimento
1257 1248 1380 1292 posse
1397 1247 1490 1276 esse
1508 1232 1653 1275 virtuti
1670 1248 1682 1273 ε

317 1321 398 1349 nec
430 1321 476 1348 sc
510 1305 693 1348 insolens
726 1305 779 1347 de
808 1304 871 1346 sui
912 1304 1077 1362 generis
1098 1304 1321 1348 nobilitate
1353 1303 1556 1361 jactaret,
1581 1318 1689 1347 neve

316 1385 542 1436 parentum
579 1377 756 1418 crimina
790 1375 1072 1417 verecundior
1106 1376 1406 1424 erubesceret,
1435 1374 1506 1418 cui
1535 1375 1687 1418 obum-

319 1449 492 1491 brandae
513 1447 686 1504 originis
713 1446 891 1502 facultas
911 1447 1088 1488 daretur
1107 1446 1214 1489 ssore
1235 1446 1419 1490 virtutis.

377 1517 601 1561 XXXVII.
639 1516 705 1559 An
735 1532 833 1559 vcro
856 1525 1028 1558 sanetus
1060 1516 1220 1565 David,
1254 1516 1357 1559 licet
1377 1518 1510 1560 multa
1531 1516 1626 1574 ejus
1646 1517 1688 1559 iu

321 1587 572 1644 mysterium
599 1585 852 1644 figurentur,
874 1601 959 1628 non
985 1601 1036 1628 eo
1058 1585 1316 1644 praecelsior,
1334 1586 1451 1643 quod
1468 1586 1690 1629 hominem

319 1672 364 1699 se
385 1672 475 1699 esse
492 1656 708 1715 cognovit,
727 1665 770 1698 et
792 1656 1069 1698 commissum
1087 1671 1215 1714 super
1231 1656 1405 1715 abrepta
1424 1657 1536 1700 Uriae
1557 1672 1690 1700 uxore

319 1735 544 1784 peccatum
580 1726 837 1785 poenitentize
870 1727 1034 1784 putavit
1062 1728 1263 1785 lacrymis
1292 1727 1580 1776 abluendum,
1618 1742 1691 1770 os-

322 1798 499 1839 tendens
517 1797 637 1840 nohis
659 1797 873 1839 neminem
896 1797 1040 1840 virtuti
1059 1798 1242 1855 propriae
1264 1798 1422 1840 debere
1439 1796 1690 1841 confidere?

322 1866 539 1909 Habemus
569 1867 682 1909 enim
706 1867 995 1909 adversarium
1018 1882 1245 1926 maguum,
1277 1867 1351 1924 qui
1381 1867 1491 1910 vinci
1517 1882 1539 1910 a
1565 1867 1690 1911 nobis

324 1935 414 1978 sine
438 1936 514 1979 Dei
536 1937 678 1980 favore
696 1953 779 1980 non
804 1938 947 1995 possit.
976 1937 1028 1979 Et
1053 1939 1305 1995 plerumque
1330 1937 1372 1979 in
1392 1937 1629 1980 illustribus
1647 1945 1691 1980 et

326 2005 460 2049 beatis
477 2006 575 2048 viris
595 2007 735 2063 gravia
759 2016 932 2064 peccata
956 2007 1083 2049 fuisse
1106 2007 1314 2065 reperies3
1339 2016 1386 2050 ut
1405 2007 1525 2064 quasi
1549 2007 1691 2050 homi-

327 2089 402 2116 nes
424 2074 647 2117 tentationi
671 2076 855 2132 patuisse
885 2090 1139 2133 cognoscas,
1173 2091 1227 2119 ne
1251 2076 1481 2119 virtutibus
1510 2076 1691 2135 egregiis

325 2146 422 2203 plus
443 2160 571 2202 quam
590 2146 781 2188 homines
802 2147 1091 2189 crederentur.
1117 2146 1161 2189 Si
1182 2146 1296 2189 enim
1315 2147 1451 2191 David
1472 2147 1571 2206 quia
1590 2162 1693 2205 proe·

326 2215 566 2273 sumptione
588 2215 754 2259 virtutis
778 2217 913 2259 elatus
936 2216 1099 2259 dixerat
1119 2232 1129 2260 z
1156 2235 1172 2257 ι
1189 2216 1232 2260 Si
1254 2218 1421 2261 reddidi
1447 2218 1691 2261 retribuen-

327 2284 470 2327 »tibus
499 2284 603 2328 mihi
635 2286 771 2328 mala¹
797 2302 806 2328 ε
828 2305 845 2326 ι
866 2294 910 2328 et
945 2286 1069 2336 alibi,
1093 2304 1110 2326 α
1127 2286 1216 2345 Ego
1244 2295 1386 2331 autem
1417 2288 1501 2331 dixi
1528 2288 1570 2331 in
1596 2303 1691 2332 mea

327 2355 641 2413 »abundantia³
667 2371 752 2399 non
783 2356 988 2399 movebor
1011 2356 1052 2399 in
1077 2356 1338 2407 aeternum²3
1361 2376 1378 2397 ι
1402 2357 1543 2402 statim
1575 2358 1692 2402 inso-

327 2425 469 2467 lentiae
505 2425 631 2483 hujus
673 2442 842 2484 poenam
880 2427 1057 2470 subiisse
1094 2442 1139 2470 se
1176 2427 1430 2471 memoravit
1449 2460 1461 2477 ,
1503 2428 1649 2472 dicens
1675 2443 1688 2472 ε

341 2512 358 2535 ι
376 2495 573 2539 Avertisti
603 2497 753 2540 faciem
790 2506 905 2541 tuam
943 2514 964 2541 a
997 2513 1091 2548 me.
1119 2505 1163 2541 et
1182 2498 1318 2542 sactus
1341 2515 1435 2543 sum
1462 2501 1692 2544 conturba·

331 2564 451 2609 »tus⁸
474 2581 484 2609 :
503 2585 520 2606 ο
540 2566 574 2610 si
598 2566 687 2626 ipse
709 2568 920 2612 Dominici
946 2568 1113 2629 generis
1135 2578 1283 2615 auctor
1312 2571 1545 2617 insolentiae
1563 2586 1691 2618 exco-

376 2664 384 2694 9
408 2655 492 2704 Pul.
511 2666 570 2705 νη,
592 2656 624 2692 6.
646 2675 687 2685 -
702 2666 715 2684 ⁰
735 2658 789 2696 td.
810 2670 899 2698 xxix,
919 2671 952 2708 7·
971 2677 1010 2687 -—
1028 2662 1043 2687 Ι
1061 2659 1196 2701 1bid.8.
