1846 3262
409 291 493 342 224
957 300 992 330 s.
1029 298 1226 330 Auanosu

405 385 486 443 pis,
518 390 561 426 ct
590 380 759 425 turbam
786 379 1218 423 tumultuantem:vel
1240 377 1337 435 quia
1368 391 1492 420 more
1519 375 1654 421 veteri
1684 374 1778 420 tibi-

406 455 524 497 cines
559 454 612 496 ad
648 451 939 494 incendendos
976 449 1310 506 excitandosque
1347 449 1488 491 luctus
1522 446 1779 491 videbantur

410 523 602 567 adhiberi
618 523 709 566 :vol
723 521 822 580 quia
842 536 920 580 per
940 520 1127 578 Legiset
1145 520 1296 563 litterae
1319 518 1596 567 cantilenam,
1613 517 1780 565 exulta·-

407 595 569 638 tionem
593 592 817 652 Synagoga
839 606 925 634 non
944 598 1113 649 poterat
1132 605 1285 648 capere
1311 587 1561 648 spiritalem.

467 662 619 706 LX111.
657 662 825 706 Tenens
839 671 944 720 ⁴ergo
962 675 1137 703 manum
1154 660 1306 718 puellae
1317 658 1442 703 Jesus
1461 657 1624 702 sanavit
1637 656 1776 708 eam¹‚

408 743 450 778 et
473 734 594 793 jussit
615 733 653 777 ei
677 733 768 777 dari
798 732 1073 778 manducare.
1102 732 1231 785 Quod
1251 740 1316 774 est
1337 730 1630 774 testimonium
1656 729 1776 779 vitae3

411 814 458 848 ut
481 820 567 847 non
588 803 858 864 phantasma,
878 804 952 847 sed
971 802 1124 846 veritas
1147 801 1408 846 crederetur.
1434 801 1591 853 Beatus
1618 800 1689 844 illo
1709 799 1780 844 cui

410 891 586 920 manum
602 875 819 934 Sapientia
832 883 961 918 tenet.
982 874 1153 918 Utinam
1164 889 1282 917 meos
1295 888 1467 932 quoque
1485 881 1628 916 teneat
1638 880 1774 920 actus,

411 950 554 991 teneat
585 962 760 990 manum
790 945 970 1004 justitia,
1004 953 1148 988 teneat
1175 945 1254 988 Dei
1284 943 1492 994 Verbum.
1527 944 1702 987 inducat
1736 942 1780 986 in

411 1017 643 1076 penetralia
664 1031 755 1066 sua,
781 1015 977 1074 spiritum
1002 1023 1162 1058 avertat
1183 1015 1355 1064 erroris,
1374 1021 1596 1063 convertat
1614 1011 1777 1062 salutis,

414 1088 504 1131 dari
536 1087 640 1130 mihi
671 1086 819 1144 jubeat
851 1087 1138 1135 manducare;
1179 1085 1299 1143 panis
1328 1085 1443 1128 enim
1472 1083 1670 1133 coelestis,
1701 1082 1780 1126 Dei

411 1157 590 1200 verbum
613 1164 688 1199 est.
719 1156 825 1198 Inde
850 1163 894 1197 et
919 1156 988 1198 illa
1011 1154 1226 1213 Sapientia
1249 1169 1342 1213 quae
1369 1154 1500 1198 divini
1526 1152 1717 1212 corporis
1738 1160 1781 1196 et

416 1225 631 1284 sanguinis
652 1233 923 1269 sacrosancta
948 1225 1093 1268 altaria
1120 1225 1298 1284 replevit
1324 1224 1533 1268 alimentis
1553 1239 1596 1266 :a
1613 1222 1778 1273 Venite,

413 1297 607 1355 »inquit,
633 1296 747 1340 edite
768 1311 899 1355 panes
919 1310 1038 1339 meos
1054 1329 1066 1346 ,
1090 1303 1134 1339 et
1153 1295 1288 1340 bibite
1312 1286 1471 1340 vinum'
1485 1295 1603 1354 quod
1629 1294 1782 1338 miscui

414 1367 604 1413 »vobis².
626 1387 642 1409 »

473 1437 625 1482 LXIV.
662 1438 768 1491 Quae
793 1445 935 1480 tamen
956 1444 1084 1479 tantae
1107 1435 1361 1480 diversitatis
1381 1444 1446 1480 est
1464 1434 1624 1481 causa?
1645 1434 1782 1493 Supra

414 1508 589 1568 publice
603 1508 741 1551 viduae
763 1506 875 1551 filius
897 1505 1165 1556 suscitatur⁸,
1185 1507 1257 1550 hic
1267 1515 1545 1551 removentur
1558 1507 1702 1566 plures
1722 1520 1786 1549 ar-

417 1578 532 1621 bitri.
559 1577 645 1621 Sed
663 1585 768 1636 puto
786 1578 903 1635 quod
924 1577 967 1619 in
986 1591 1037 1620 eo
1061 1591 1231 1634 quoque
1246 1577 1380 1635 pietas
1400 1576 1573 1621 Domini
1592 1576 1787 1630 declaro·

415 1658 508 1699 tur3
540 1649 635 1706 quia
672 1648 798 1691 vidua
833 1656 971 1690 mater
997 1647 1115 1690 unici
1148 1662 1234 1690 non
1266 1648 1510 1706 patiebatur
1532 1661 1715 1697 moram,
1741 1654 1785 1690 et

417 1720 512 1762 ideo
533 1734 588 1762 ne
614 1718 794 1776 amplius
820 1717 1077 1767 afficeretur,
1099 1717 1324 1761 maturitas
1347 1717 1529 1761 additur.
1561 1718 1637 1762 Est
1657 1718 1786 1762 etiam

417 1789 552 1832 forma
577 1788 807 1847 sapientiae,
830 1787 873 1830 in
890 1787 1028 1831 viduae
1045 1786 1134 1831 filio
1151 1787 1236 1830 cito
1255 1787 1489 1831 Ecclesiam
1506 1787 1783 1838 credituram,

417 1860 459 1903 in
490 1858 810 1918 archisynagogi
837 1857 923 1902 filia
950 1857 1187 1901 credituros
1207 1857 1380 1916 quidem
1406 1857 1604 1911 Judaeos,
1628 1858 1709 1913 sed
1735 1873 1788 1902 ex

412 1931 609 1989 pluribus
631 1930 867 1989 pauciores.

487 2002 568 2045 «Et
587 2002 848 2060 quicumque
877 2014 964 2043 non
993 2000 1234 2058 receperint
1255 2015 1352 2050 vos,
1383 2008 1589 2046 exeuntes
1613 2001 1668 2045 de
1687 1990 1786 2046 civi-

418 2082 534 2116 »tate
566 2073 652 2122 illa,
685 2072 813 2115 etiam
842 2071 1063 2130 pulverem
1084 2071 1137 2114 de
1156 2070 1338 2128 pedibus
1361 2071 1510 2116 vestris
1533 2071 1721 2117 excutite
1742 2073 1785 2117 in

419 2162 436 2185 ι
451 2141 740 2186 testimonium
763 2156 890 2199 supra
915 2139 1050 2184 illos‘.
1071 2160 1087 2180 ι»

475 2211 602 2255 LXV.
640 2210 788 2263 Qualis
810 2209 964 2253 debeat
983 2225 1076 2253 esse
1102 2210 1175 2268 qui
1202 2211 1461 2270 evangelizat
1481 2228 1660 2272 regnum
1685 2215 1781 2265 Dei,

421 2281 642 2342 praeceptis
663 2280 917 2338 evangelicis
937 2279 1180 2338 designatur
1191 2297 1203 2330 ς
1229 2289 1275 2323 ut
1295 2281 1384 2324 sine
1405 2282 1534 2341 virga,
1553 2284 1644 2327 sine
1662 2299 1782 2343 pera,

421 2355 511 2397 sine
534 2349 841 2401 catceamento,
863 2351 954 2394 sine
973 2367 1100 2409 pane,
1119 2344 1210 2394 si'ne
1237 2353 1453 2410 pecunia⁶,
1477 2354 1560 2399 hoc
1583 2363 1663 2406 est,
1685 2356 1784 2399 sub·

419 2424 514 2468 sidii
533 2421 746 2467 saecularis
770 2421 1027 2465 adminicula
1045 2437 1131 2465 non
1152 2423 1389 2480 requirens,
1415 2423 1600 2483 fideique
1616 2417 1783 2478 deditus

419 2494 489 2543 sit,
513 2502 557 2537 et
575 2501 734 2551 quanto
756 2492 896 2535 minus
921 2500 1090 2551 appetat
1111 2493 1379 2550 temporalia,
1403 2502 1520 2538 tanto
1537 2495 1671 2554 magis
1693 2510 1783 2554 spe·

470 2603 479 2619 ¹
502 2595 583 2627 Luc.
597 2604 670 2679 νὲιι,
687 2592 740 2632 54.
753 2598 786 2628 et
797 2603 866 2638 seq.
881 2611 922 2619 —
940 2603 953 2619 ⁸
974 2593 1072 2628 Prov.
1095 2604 1127 2627 ix
1139 2616 1149 2633 ,
1167 2594 1199 2625 5.
1216 2611 1258 2619 -
1277 2597 1290 2620 ³
1305 2595 1385 2628 Luc.
1398 2605 1463 2636 vu,
1480 2605 1579 2630 ue·
1590 2596 1605 2624 ⁴
1621 2593 1672 2630 ld.
1689 2597 1781 2635 n,6.

420 2667 460 2676 --
479 2651 492 2673 ἰ
511 2648 597 2682 lbid.
639 2670 648 2680 .
