1846 3262
442 289 529 340 244
993 300 1026 328 s.
1067 298 1259 330 sunnosn

440 382 556 427 utilis
577 388 640 424 est
655 412 666 430 ,
687 387 732 423 et
750 392 849 422 vere
871 377 1006 428 utilis,
1033 396 1050 419 ι
1066 379 1146 422 Por
1170 394 1297 438 qnam
1322 380 1426 423 mihi
1455 381 1641 425 mundus
1661 381 1804 426 cruci·

438 450 576 495 »fixus
596 459 681 500 est,
699 457 743 493 et
759 464 842 508 ,ego
862 449 1068 493 mundo¹.
1091 468 1106 490 ι
1131 450 1172 493 Si
1197 451 1302 494 mihi
1325 450 1556 495 crucifixus
1578 460 1643 496 est
1674 467 1803 496 mun-

445 524 547 573 dus,
583 521 671 565 scio
700 521 797 579 quia
828 530 1022 565 mortuus
1053 529 1139 571 est,
1175 537 1260 565 non
1290 522 1418 580 diligo
1447 516 1578 567 eum':
1602 523 1691 568 scio
1705 524 1805 582 quia

435 591 648 652 praeterit,
674 605 758 635 non
779 590 1037 650 concupisco
1055 606 1155 634 eum
1176 606 1187 635 ι
1211 592 1300 636 scio
1321 593 1419 651 qnia
1435 594 1678 653 corruptela
1698 608 1805 648 con-

438 663 569 706 sumit
582 662 700 706 hunc
722 663 956 714 mundum,
981 662 1100 719 quasi
1117 663 1311 706 soetidum
1335 664 1444 716 vito,
1463 664 1582 722 quasi
1601 665 1716 709 luem
1738 679 1807 709 ca·

439 749 518 778 veo
531 768 543 785 ,
564 726 683 792 quas’i
700 732 950 777 nociturum
971 733 1182 792 relinquo.

499 804 647 850 CVIII.
685 803 772 847 Sed
790 818 876 847 non
895 803 1036 847 statim
1060 819 1137 862 per
1160 819 1334 848 crucem
1356 813 1535 863 possunt
1554 804 1687 863 aliqui
1708 820 1805 850 cre-

438 879 540 921 dere
564 877 744 920 salutem
766 876 931 919 mundo
954 875 1151 918 refusam.
1188 876 1343 919 Astrue
1372 891 1474 935 ergo
1505 891 1582 935 per
1609 875 1806 920 historias

438 949 688 992 Graecorum
723 946 804 989 hoc
847 946 974 989 fuisse
1007 945 1230 1004 possibile,
1267 947 1377 990 sicut
1421 947 1637 991 interdum
1677 947 1806 991 etiam

441 1018 670 1077 Apostolus
688 1017 837 1060 suadet
864 1016 1094 1060 incredulis
1113 1031 1123 1059 z
1145 1031 1225 1060 nec
1245 1032 1391 1060 versus
1413 1016 1604 1076 poeticos
1624 1017 1803 1076 refugit,

437 1098 486 1133 ut
507 1090 672 1132 fabulas
695 1088 884 1131 destruat
900 1092 1125 1146 poetarum
1140 1087 1174 1132 ².
1202 1087 1245 1131 Si
1266 1089 1380 1132 enim
1403 1097 1630 1133 revocetur
1649 1089 1694 1132 in
1713 1103 1806 1133 me·

438 1160 620 1203 moriam
649 1159 765 1216 quod
785 1159 974 1216 legiones
994 1173 1105 1217 saepe
1140 1166 1183 1201 et
1210 1173 1386 1216 magnos
1419 1159 1623 1217 populos,
1653 1158 1806 1202 oblatis

442 1231 683 1290 aliquorum
704 1229 938 1279 mortibus,
962 1229 1148 1272 historiae
1173 1230 1420 1273 Graecorum
1445 1238 1633 1274 asserant
1654 1228 1808 1274 libera-

435 1312 503 1347 tos
538 1302 631 1361 (57)
668 1316 678 1344 ε
713 1300 746 1344 si
778 1300 1030 1343 recordetur
1064 1301 1180 1358 quod
1216 1300 1484 1359 imperatoris
1513 1300 1599 1344 filia
1632 1307 1807 1360 propter

437 1374 688 1429 Graecorum
712 1371 924 1415 exercitus
950 1370 1264 1414 transferendos
1289 1372 1341 1415 ad
1369 1368 1624 1416 sacrificium
1656 1371 1710 1415 sit
1730 1386 1808 1414 vo-

438 1453 534 1489 cata
554 1458 565 1487 z
590 1443 624 1487 si
645 1450 838 1486 nostrum
859 1442 963 1485 illud
979 1441 1324 1492 consideremus,
1350 1442 1449 1499 quia
1473 1460 1490 1481 ι
1506 1441 1684 1500 Sanguis
1710 1450 1800 1484 tau·

438 1528 616 1558 »rorum
639 1521 683 1556 ct
707 1512 926 1555 hircorum
941 1544 952 1562 ‚
976 1519 1018 1554 ot
1049 1512 1156 1554 cinis
1184 1512 1325 1555 vitulae
1349 1527 1543 1571 aspersus
1564 1512 1806 1571 inquinatos

435 1583 706 1630 »sanctificat
748 1584 803 1627 ad
835 1597 1006 1626 carnem
1041 1583 1403 1633 emundandam&
1429 1602 1446 1624 ι
1475 1584 1586 1627 sicut
1618 1586 1671 1627 ad
1707 1585 1805 1627 11ae-

437 1657 575 1701 hraeos
592 1653 798 1712 scriptum
821 1661 898 1696 est.
923 1652 966 1695 Si
982 1652 1223 1711 pestilentia
1244 1655 1462 1710 regionum
1486 1654 1698 1712 aliquibus
1725 1653 1806 1696 ho·

437 1727 604 1772 minum
646 1731 867 1769 contracta
909 1723 1096 1782 peccatis
1136 1723 1228 1779 (5³)
1243 1756 1252 1771 ,
1294 1724 1417 1766 unius
1450 1723 1630 1781 alicujus
1666 1732 1805 1767 morte

436 1798 638 1842 asseritur
658 1810 751 1839 esse
776 1793 985 1842 resoluta3
1022 1794 1138 1850 quod
1169 1801 1242 1835 aut
1275 1794 1439 1836 ratione
1470 1793 1710 1852 praevaluit.
1732 1802 1806 1836 aut

438 1867 715 1928 dispositione
746 1863 983 1913 convaluit,
1023 1878 1108 1921 quo
1141 1862 1303 1906 facilius
1339 1864 1379 1906 in
1423 1878 1595 1907 crucem
1632 1863 1804 1907 Domini

436 1941 688 1984 crederetur
706 1952 717 1979 ι
739 1935 930 1995 proclive
951 1934 1033 1977 erit
1054 1942 1100 1976 ut
1126 1933 1198 1992 qui
1220 1949 1294 1976 sua
1317 1948 1471 1992 negare
1494 1948 1579 1976 non
1602 1941 1801 1992 possunt,

438 2019 583 2057 nostra
606 2007 877 2053 confirment.

475 2082 477 2084 ’
498 2082 612 2127 CIX.
650 2079 736 2123 Sed
751 2077 951 2136 quoniam
970 2076 1111 2119 nullus
1126 2074 1348 2118 hominum
1372 2082 1513 2117 tantus
1534 2089 1624 2116 csse
1647 2073 1801 2133 potuit,

438 2153 512 2212 qui
543 2151 673 2196 totius
698 2157 875 2209 peccata
902 2148 1069 2190 tolleret
1094 2145 1241 2188 mundi
1258 2177 1270 2195 ,
1300 2160 1439 2202 neque
1464 2145 1635 2194 Enoch,
1662 2159 1803 2202 neque

436 2222 678 2271 Abraham,
702 2234 842 2278 neque
858 2219 975 2261 Isaac
993 2216 1065 2274 qui
1082 2215 1182 2258 licet
1205 2214 1331 2256 morti
1348 2229 1393 2256 se
1414 2214 1643 2262 obtulerit.
1667 2211 1803 2257 scrva'-

438 2303 508 2339 tus
528 2302 672 2338 tamen
693 2291 807 2340 est⁴3
841 2289 938 2348 quia
965 2287 1107 2331 omnia
1132 2301 1216 2329 non
1241 2294 1408 2344 poterat
1433 2285 1603 2328 abolere
1629 2293 1800 2344 peccata

436 2365 557 2425 (quis
573 2363 686 2408 enim
707 2369 850 2404 tantus
882 2360 1032 2408 homo,
1060 2357 1103 2400 in
1124 2371 1209 2414 quo
1242 2357 1433 2398 omnium
1463 2365 1636 2414 peccata
1669 2371 1803 2399 more·

438 2435 616 2491 rentur)
647 2433 809 2476 idcirco
832 2445 918 2474 non
941 2444 1051 2473 unus
1071 2442 1095 2471 e
1116 2427 1240 2486 plebe
1256 2458 1268 2475 .
1302 2441 1386 2468 non
1418 2441 1529 2468 unus
1548 2440 1572 2468 e
1592 2439 1796 2475 numero,

439 2508 516 2550 sed
538 2505 672 2550 Filius
698 2502 775 2547 Dei
798 2516 820 2544 a
846 2502 936 2546 Deo
969 2502 1092 2543 Patre
1123 2498 1286 2541 electus
1318 2504 1409 2546 est,
1444 2496 1516 2554 qui
1551 2511 1650 2540 cum
1673 2510 1801 2555 supra

487 2619 497 2637 ¹
514 2611 636 2644 Galat.
660 2619 706 2649 vi,
738 2607 789 2648 1⁴·
816 2624 856 2633 —
886 2614 899 2631 ⁸
933 2606 1006 2639 Act.
1033 2614 1112 2641 xvu,
1136 2602 1190 2636 28.
1211 2620 1253 2627 —
1278 2603 1293 2626 ³
1318 2601 1423 2635 Hebr.
1449 2612 1495 2643 nx,
1526 2601 1574 2633 15.
1601 2618 1638 2627 —
1670 2603 1684 2628 Δ
1714 2601 1800 2633 Gen.

441 2677 525 2705 un.
542 2676 575 2710 9.
