1846 3262
282 341 504 373 auom-to
534 341 686 372 aune.
723 340 814 372 sac.
850 340 943 370 wc.
980 339 1063 369 ιιι.
1097 339 1170 369 vu.
1328 326 1413 372 32⁵

57 420 139 467 sibi
160 419 300 467 anima
322 419 581 480 spiritusque
600 418 894 468 consentiant.
919 431 1000 462 nec
1020 431 1066 462 se
1085 416 1336 478 impugnent
1355 419 1418 464 in·

57 490 196 536 vicem
216 490 393 535 diversis
408 489 715 550 cupiditatibus
726 522 739 540 ,
758 488 901 533 omnia
918 488 960 532 in
975 486 1177 532 effectum
1193 489 1418 545 videantur

58 570 181 607 orata
211 576 333 622 posse
358 561 536 606 deduci.
572 560 700 615 Quod
730 560 787 604 ita
818 558 890 609 fit.
923 574 1023 603 cum
1052 558 1209 603 suerint
1241 569 1420 621 utraque

60 647 194 677 uuum
210 665 223 683 .
246 631 280 676 si
301 632 532 676 subtractis
555 631 811 682 inimicitiis,
837 631 902 674 vel
920 630 1067 674 solutis
1083 663 1095 681 .
1119 631 1205 676 duo
1228 631 1420 676 condan-

60 711 132 747 tur
146 702 190 747 in
212 718 347 747 unum
369 718 527 746 novum
548 702 792 751 hominem,
813 700 856 745 id
877 710 963 750 est.
987 702 1127 745 anima
1147 710 1190 745 et
1214 702 1385 761 spiritus
1403 719 1417 747 ε

70 773 157 819 «Ut
184 787 356 817 oremus
387 772 559 832 spiritu,
590 787 762 816 oremus
780 780 825 815 et
846 771 1062 815 mente¹.»
1082 771 1203 816 Licet
1227 773 1421 832 plerique

0 878 2 882 .
60 845 168 890 duos
185 845 364 904 populos
381 844 591 904 accipiant
602 876 614 894 .
631 858 684 887 ex
700 843 855 886 lsrae'le
874 851 919 886 et
937 857 989 885 ex
1003 842 1203 900 gentibus
1221 843 1264 887 in
1285 859 1419 889 unum

0 924 8 983 ss
60 914 383 959 resurrectionis
399 923 591 974 tempore
616 913 961 972 congregandos,
951 918 1035 956 ·‘ut
1054 911 1130 957 fiat
1149 913 1193 956 in
1213 924 1421 959 aeternum

0 986 14 1088 {E
59 999 261 1029 mansura
287 985 518 1045 perfectio,
549 993 593 1028 et
613 983 658 1028 id
683 985 801 1043 quod
827 998 880 1026 ex
900 991 1019 1043 parte
1046 992 1132 1034 est,
1161 984 1417 1031 destruatur.

0 1053 254 1114 Plerique
274 1064 417 1099 autem
440 1055 580 1098 virum
601 1063 645 1098 et
660 1068 837 1097 uxorem
855 1053 1168 1099 consentientes
1181 1054 1261 1098 sibi
1281 1056 1423 1100 studio

0 1135 20 1217 Ξ
59 1126 278 1171 eharitatis
302 1126 531 1186 accipiunt.

0 1192 17 1216 ³
121 1195 310 1241 CXCIV.
346 1196 493 1255 ltaque
517 1196 552 1240 si
583 1196 627 1239 in
648 1195 730 1239 hae
757 1195 841 1239 vita
861 1204 947 1239 tres
969 1196 1243 1254 mensuraein
1268 1199 1421 1243 eodem

0 1267 14 1326 5}
59 1265 269 1310 fermento
286 1266 540 1315 manserint.
563 1267 702 1310 donec
721 1265 1033 1309 fermententur
1046 1299 1057 1315 .
1075 1274 1119 1310 et
1134 1265 1240 1311 fiant
1259 1283 1419 1320 uuum;

61 1345 111 1382 ut
128 1338 417 1397 aequalitatum
436 1339 551 1381 nulla
567 1337 766 1381 distantia
783 1336 860 1388 sit,
884 1351 965 1381 uec
980 1338 1207 1396 compositi
1222 1354 1275 1383 ex
1291 1339 1422 1385 trium

7 1406 17 1465 ‘v
44 1407 301 1452 diversitate
321 1408 568 1458 videamur;
593 1408 675 1452 erit
693 1407 736 1451 in
759 1406 953 1452 futurum
976 1408 1251 1468 diligentibus
1273 1410 1422 1455 Chris-

8 1503 27 1532 ,ς
59 1486 153 1522 tum
181 1472 427 1537 incorrupta
458 1477 705 1521 commuuio
730 1492 743 1522 ε
765 1492 845 1522 nec
876 1478 1099 1536 compositi
1125 1480 1419 1531 manebimus3

0 1535 30 1592 ᾗ
61 1564 162 1594 nam
183 1557 227 1594 et
247 1550 320 1609 qui
342 1549 568 1609 compositi
596 1564 714 1593 nunc
735 1565 905 1598 sumus,
933 1564 1068 1592 unum
1094 1550 1279 1601 erimus,
1309 1561 1354 1596 et
1378 1552 1422 1597 in
1442 1580 1454 1593 .

0 1671 3 1681 2
26 1638 30 1646 τ
61 1634 191 1662 uuam
219 1619 499 1663 substantiam
529 1619 943 1680 transformabimur.
979 1619 1126 1678 Neque
1150 1620 1263 1664 enim
1287 1621 1329 1665 iu
1355 1637 1421 1667 re-

10 1741 33 1781 ⁵5
22 1679 326 1733 surrectione
353 1690 470 1734 aliud
496 1689 577 1733 erit
606 1689 688 1733 alio
716 1689 892 1733 iuferius
916 1689 1029 1733 sicut
1055 1705 1171 1734 nunc
1193 1690 1392 1750 fragilis
1379 1707 1424 1740 ιιι

17 1758 188 1820 {nobis
200 1767 267 1804 est
286 1760 426 1803 caruis
446 1758 696 1807 iufirmitas.
719 1767 763 1802 et
784 1759 1016 1817 corporalis
1039 1759 1245 1803 habitudo
1264 1770 1424 1806 nature

19 1826 131 1875 vel
150 1830 397 1874 vulneribus
416 1838 559 1890 patet,
580 1829 684 1874 vel'
671 1828 839 1887 injuriis
859 1828 1057 1886 subjacet
1071 1861 1083 1878 ,
1107 1831 1173 1872 vel
1198 1830 1262 1873 sui
1284 1832 1426 1876 oneris

0 1888 45 1977 ζζξί,
59 1892 178 1945 mole
206 1901 404 1960 depressa
431 1915 560 1960 supra
593 1908 727 1943 terras
750 1899 902 1957 nequit
927 1899 1133 1943 extollere
1157 1900 1280 1943 altius
1299 1910 1428 1959 atque

36 1975 42 1983 '
62 1971 230 2015 elevare
244 1970 468 2030 vestigium
486 1985 498 2013 τ
517 1969 593 2014 scd
613 1970 657 2014 iu
673 1965 886 2029 simplicis
898 1977 1106 2012 creaturae
1125 1971 1305 2028 gratiam
1322 1970 1426 2030 figu-

62 2041 271 2091 rabimur,
286 2056 386 2085 eum
397 2041 659 2100 completum
674 2039 802 2083 suerit
813 2041 928 2097 quod
943 2040 1107 2083 dictum
1125 2049 1223 2083 esta
1237 2042 1424 2087 Joanne=

75 2110 374 2160 «Clarissimi,
388 2124 504 2154 nunc
525 2109 600 2153 filii
615 2110 694 2154 Dei
716 2125 888 2159 sumus,
906 2118 950 2152 et
972 2111 1164 2153 noudum
1193 2113 1425 2156 revelatum

41 2198 84 2224 ι
94 2190 159 2227 est
182 2182 288 2242 quid
305 2182 464 2226 erimus
481 2197 493 2225 :
510 2183 586 2226 sed
601 2182 761 2225 scimus
780 2181 879 2240 quia
903 2195 1002 2224 cum
1027 2182 1260 2226 revelatum
1275 2182 1429 2235 suerit.

24 2252 86 2303 ἰ
96 2251 254 2296 similes
278 2252 318 2296 ei
342 2251 572 2296 erimus'.»
590 2252 739 2310 ltaque
766 2266 866 2294 cum
887 2250 966 2294 Dei
995 2259 1144 2294 natura
1174 2252 1229 2294 sit
1250 2252 1431 2312 simplex

26 2325 50 2385 [ζ’
66 2318 260 2383 (spiritus
278 2323 394 2366 enim
409 2323 522 2367 Deus
536 2323 619 2380 est)
642 2337 720 2365 nos
737 2336 907 2380 quoque
929 2321 970 2363 in
983 2322 1178 2364 eamdem
1204 2322 1431 2380 imaginem

38 2389 399 2451 sf‘figurabimur⁸;
425 2400 474 2436 ut
492 2392 630 2451 qualis
646 2392 853 2441 coelestis,
883 2391 988 2434 tales
1010 2398 1053 2433 et
1075 2391 1433 2450 conates-Igitur

37 2461 179 2506 sieut
190 2461 452 2520 portavimus
470 2461 696 2520 imaginem
713 2461 826 2507 illius
846 2460 1020 2511 terreni,
1042 2468 1264 2520 portemus
1279 2470 1323 2505 et
1332 2462 1435 2506 ima·

34 2528 211 2590 *giuem
222 2530 352 2590 hujus
367 2531 591 2583 coelestis‘,
605 2547 734 2591 quam
749 2532 916 2576 animus
932 2539 1076 2574 noster
1090 2531 1219 2575 debet
1237 2531 1430 2577 iuduere.

116 2651 129 2669 ⁸
150 2644 495 2684 scor.xsv.s⁵.-·
526 2656 538 2680 ι
563 2644 1068 2686 3ωιιιι,ι.-3ιῦοι·.ιιι,
1089 2644 1193 2679 ι8.-
1216 2644 1433 2685 neor-xv.
