1800 3268
379 283 435 335 64
930 290 962 320 s.
1002 288 1197 320 Αιιιιιιοειι

374 373 495 431 juriae
514 371 621 430 ignis
642 368 876 428 absumpsit
890 368 909 412 Ρ
925 369 1009 413 Sed
1035 369 1104 412 ille
1125 376 1312 417 sanetus,
1328 380 1544 426 perquem
1564 362 1746 425 figuram

380 444 511 486 futuri
534 440 721 500 mysterii
744 440 810 499 pia
832 440 936 499 legis
959 440 1112 487 divium
1145 438 1388 498 praescripta
1421 436 1668 496 signabantg
1693 450 1745 479 co

381 515 497 571 quod
511 513 624 555 solus
645 521 801 555 sancta:
814 511 1014 554 Ecclesiae
1033 510 1202 569 virginis
1220 509 1270 553 ad
1288 509 1554 568 generandos
1568 507 1747 567 populos

380 583 457 627 Dei
501 582 784 625 immaculatae
819 580 1103 623 soecunditatis
1153 571 1346 639 aperiret'
1378 578 1563 636 genitale
1611 590 1748 620 scere-

374 661 465 695 tuin
488 653 522 709 (ι
540 654 593 709 ι).
623 651 700 694 {lic
718 666 818 709 ergo
841 651 953 694 solus
968 650 1133 708 aperuit
1147 651 1226 692 sibi
1243 651 1435 698 vulva1n3
1466 647 1554 691 Nec
1570 645 1744 696 mirum3

380 724 451 781 qui
479 723 593 765 enim
620 722 784 764 dixerat
812 722 863 763 ad
892 721 1179 779 prophetam:
1207 739 1223 758 ιι
1241 719 1495 775 Priusquam
1526 725 1566 760 te
1596 716 1749 759 sui-nna·

381 808 502 836 »rem
534 793 574 835 iu
606 800 753 840 utero,
785 791 880 834 novi
912 800 953 834 te
981 806 992 832 τ
1021 800 1065 833 ct
1098 791 1138 832 in
1168 791 1288 832 vulva
1309 788 1462 832 ‘niatris
1489 785 1749 831 sanctificavi

379 882 396 904 ιι
412 863 494 906 te¹.
518 882 534 902 »
559 862 642 914 Qui
666 877 767 920 ergo
796 862 970 904 vulvam<
988 859 1269 903 sanctificavit.
1297 861 1502 908 alienam,
1526 865 1573 900 ut
1605 871 1750 901 nasco-

381 942 499 976 retur
521 932 729 991 Propheta
744 968 753 980 ,
778 932 848 975 hic
863 933 1012 990 estqui
1031 931 1196 990 aperuit
1214 930 1358 974 matris
1378 946 1463 974 sum
1487 930 1677 978 vulvam3
1702 934 1749 971 ut

382 1004 680 1058 immaculatus
702 1002 848 1045 exiiet.

450 1091 466 1112 α
486 1074 537 1116 Et
569 1088 670 1116 ecee
701 1073 830 1115 Ιιοιιιο
862 1081 953 1116 erat
990 1072 1032 1116 in
1071 1071 1332 1122 Jerusalem,
1371 1071 1441 1114 cui
1488 1083 1646 1113 nomen
1683 1066 1746 1111 Si·

382 1159 570 1187 »meonz
601 1153 644 1186 et
674 1144 802 1186 homo
840 1144 918 1186 iste
954 1144 1121 1201 justus,
1158 1151 1202 1186 et
1242 1143 1490 1192 timoratus,
1520 1149 1749 1200 expectans

385 1215 747 1258 »consolationem
775 1214 948 1257 israe-1².
971 1234 987 1255 n

442 1284 588 1328 LV111.
626 1284 719 1328 Non
751 1286 887 1327 sotum
913 1285 966 1327 ab
998 1284 1166 1343 Angelis
1190 1292 1233 1327 et
1252 1282 1493 1343 Prophetis,
1517 1297 1539 1339 ρ
1562 1280 1744 1341 pastori·

382 1357 463 1400 hus
484 1365 526 1399 et
543 1356 787 1414 parentibus
801 1389 812 1405 ,
837 1357 911 1399 sed
927 1356 1055 1399 ctiam
1072 1372 1093 1398 a
1116 1355 1355 1399 senioribus
1372 1363 1416 1398 et
1435 1353 1560 1413 justis
1577 1367 1750 1413 genera·

382 1425 443 1469 tio
465 1427 636 1469 Domini
664 1427 819 1485 accipit
846 1426 1151 1469 testimonium.
1177 1426 1328 1469 Omnis
1348 1433 1474 1474 aetas,
1507 1432 1550 1467 et
1571 1432 1750 1480 uterque

382 1512 531 1547 sexus,
552 1504 890 1554 eventorumque
913 1496 1118 1539 miracula
1143 1495 1271 1538 fidem
1295 1502 1506 1538 astruunt.
1534 1492 1665 1552 Virgo
1681 1507 1751 1551 ge·

382 1576 528 1617 uerat,
547 1567 699 1610 sterilis
721 1567 848 1627 parit,
869 1576 1011 1610 mutus
1034 1567 1242 1625 loquitur,
1261 1565 1483 1609 Elizabeth
1499 1563 1748 1624 prophetat,

379 1639 531 1697 Magus
565 1640 735 1688 adorat,
767 1647 889 1681 utero
926 1641 1095 1681 clausus
1126 1639 1309 1687 exultat,
1341 1637 1468 1680 vidua
1500 1634 1747 1685 confitetur,

382 1708 525 1767 justus
545 1716 753 1767 expectat.
775 1709 827 1751 Et
844 1709 953 1752 bene
972 1708 1110 1766 justus
1126 1741 1135 1756 ‚
1156 1707 1226 1766 qui
1250 1722 1334 1750 non
1352 1722 1489 1755 suam,
1514 1706 1588 1748 sed
1605 1703 1751 1764 populi

385 1780 562 1839 gratiam
592 1779 836 1836 requirebat
863 1795 872 1822 :
905 1779 1081 1838 cupiens
1104 1779 1191 1836 ipso
1227 1793 1443 1836 corporeae
1463 1774 1643 1819 vinculis
1665 1775 1751 1818 sra-

385 1851 556 1910 gititatis
574 1850 751 1897 absolvi.
769 1851 843 1893 sed
860 1859 1087 1906 expectans
1111 1851 1254 1892 videre
1277 1848 1558 1908 promissum3
1588 1845 1752 1891 sciebat

387 1921 501 1965 enim
524 1920 623 1978 quia
643 1920 755 1963 beati
774 1920 886 1963 oculi
910 1920 982 1977 qui
1003 1935 1102 1962 eum
1124 1919 1331 1963 viderent.

448 2010 465 2031 α
489 1991 637 2040 Nunc,
665 1991 825 2048 inquit,
850 1991 1018 2033 dimitte
1037 2005 1208 2032 servum
1235 1988 1401 2032 tuum⁸.
1429 2009 1445 2029 ι

437 2060 551 2104 LIX.
580 2060 685 2103 Vide
707 2060 866 2116 justum
891 2061 1006 2102 velut
1027 2074 1243 2117 corporeae
1265 2073 1438 2101 carcere
1458 2056 1585 2101 molis
1606 2057 1749 2100 iuclu-

378 2148 472 2176 sum
495 2131 602 2174 velle
624 2130 817 2178 dissolvi,
844 2138 891 2172 ut
913 2130 1088 2188 incipiat
1109 2145 1199 2172 esse
1223 2145 1320 2171 eum
1354 2129 1553 2179 Christo;
1576 2127 1748 2172 dissolvi

376 2203 512 2252 enim,
544 2210 586 2244 et
614 2216 711 2244 eum
742 2201 911 2243 Christo
942 2216 1057 2250 esse,
1089 2201 1226 2243 multo
1248 2200 1412 2243 melius.
1443 2199 1530 2243 Sed
1554 2199 1627 2258 qui
1657 2199 1747 2243 vnit

376 2273 559 2322 dimitti,
582 2273 722 2314 veniat
744 2271 783 2313 in
807 2271 1012 2328 templum
1028 2303 1039 2319 ,
1059 2271 1199 2313 veniat
1217 2271 1257 2312 in
1278 2259 1533 2320 Jerusalem,
1550 2276 1747 2329 expectet

377 2344 592 2388 Christum
616 2341 802 2390 Domini,
824 2341 1004 2397 accipiat
1027 2341 1067 2384 in
1090 2340 1286 2383 manibus
1308 2340 1493 2383 verbnm
1517 2340 1611 2387 Dei,
1631 2352 1746 2382 com-

371 2418 585 2475 plectatur
604 2412 858 2470 quibusdam
882 2427 967 2454 sua,-
991 2410 1089 2454 Iidei
1114 2411 1310 2454 brachiis.
1339 2410 1464 2454 Tune
1485 2410 1743 2460 dimittetur,

371 2495 420 2529 ut
443 2500 528 2528 uon
553 2483 690 2525 videat
709 2490 892 2525 mortem
912 2515 923 2531 ‚
950 2482 1022 2539 qui
1046 2481 1200 2525 viderit
1221 2482 1365 2524 vitam.

425 2555 518 2601 LX.
542 2547 666 2599 Vides
688 2554 865 2596 uberem
896 2553 939 2596 in
970 2567 1119 2596 omnes
1154 2554 1334 2611 gratiam
1357 2550 1532 2599 Domini
1562 2565 1742 2612 genora-

365 2694 368 2696 ‚
389 2654 422 2698 μ’·
439 2644 563 2685 «ierem.
583 2655 607 2686 ι,
620 2644 654 2683 5.
670 2659 712 2673 -
728 2654 741 2686 q
758 2642 839 2683 Luc.
854 2654 894 2686 u,
913 2645 965 2679 25.
977 2662 1018 2694 ἡ
1034 2646 1048 2673 ³
1062 2643 1151 2682 thid.
1170 2655 1225 2689 29.
