1846 3262
389 324 472 374 [⁸¹30
934 335 968 364 ε.
1006 331 1199 363 Aunltosn

386 419 524 467 locat,
550 417 740 475 trophaea
759 423 911 459 nostrae
930 414 1076 459 salutis
1098 413 1360 471 amplectens
1382 425 1392 454 z
1413 411 1517 454 tales
1539 410 1626 455 illic
1645 410 1751 456 Mar·

388 498 500 547 tyres
523 489 644 531 nobis
672 485 882 530 cicatricis
901 501 986 529 suae
1003 499 1162 528 corona
1180 482 1447 526 monstrabit.

444 558 639 602 CLXX1.-
675 558 723 600 Et
747 557 947 614 quoniam
969 571 1111 599 sermo
1134 554 1219 597 huc
1255 568 1388 610 usque
1413 561 1557 596 noster
1588 551 1719 596 evasit
1737 584 1748 598 .

383 630 701 673 consideremus
727 643 810 686 qua
837 628 969 686 gratia
991 626 1228 669 secundum
1250 623 1461 667 «Ioannem
1486 622 1751 667 credideriut

383 699 596 759 Apostoli,
614 699 686 757 qui
707 699 833 757 gavisi
858 697 1004 740 sunt¹z
1032 697 1269 740 secundum
1299 695 1459 738 Lucam
1479 694 1598 752 quasi
1619 693 1753 737 incre-

386 769 473 812 duli
501 771 817 827 redarguantur
845 784 854 811 :
883 769 943 817 ibi
961 767 1164 826 Spiritum
1186 774 1380 808 sanctum
1402 764 1663 823 acceperint.
1682 763 1753 807 hic

383 842 530 885 sedere
548 842 589 884 in
606 841 776 884 civitate
791 841 1038 898 jubeantur,
1053 839 1333 896 quoadusque
1349 838 1581 880 induantur
1598 835 1755 879 virtute

383 927 435 954 ex
461 911 585 956 a1t02.
612 912 664 954 Et
689 912 857 954 videtur
881 910 986 954 mihi
1021 910 1089 952 ille
1117 908 1235 966 quasi
1267 907 1497 968 Apostolus
1519 906 1682 965 majora
1711 915 1756 949 et

386 982 532 1025 altiora
560 983 767 1040 tetigisse,
792 982 861 1025 hic
885 980 1124 1040 sequentia,
1151 988 1193 1024 et
1218 980 1417 1022 humanis
1439 978 1632 1038 proximu
1652 992 1663 1020 ι
1683 977 1753 1020 hic

381 1051 580 1095 historico
615 1069 712 1097 usus
741 1053 949 1101 circuitu,
975 1052 1045 1095 ille
1074 1049 1361 1109 compendio;
1387 1049 1484 1107 quia
1513 1057 1557 1092 et
1593 1049 1649 1091 de
1681 1047 1754 1089 ino

384 1122 567 1165 dubitari
589 1139 673 1166 non
691 1132 850 1181 potest,
873 1122 947 1180 qui
970 1121 1259 1166 testimonium
1278 1120 1479 1178 perhibet
1498 1121 1551 1162 de
1574 1118 1637 1161 his
1667 1117 1757 1176 qui·

386 1192 466 1234 bus
482 1193 570 1251 ipse
587 1193 792 1241 interfuit,
813 1202 855 1236 et
871 1207 1019 1236 verum
1037 1200 1102 1235 est
1116 1190 1410 1235 testimonium
1427 1189 1521 1249 ejus
1534 1188 1570 1233 ⁸.
1591 1188 1657 1232 Ab
1675 1188 1756 1231 hoc

386 1279 582 1322 quoque,
615 1265 686 1322 qui
718 1265 984 1323 Evangelista
1017 1278 1108 1306 esse
1139 1261 1322 1307 meruit.
1361 1262 1428 1304 vel
1460 1248 1754 1318 negligentiae,

386 1337 452 1378 vel
475 1336 688 1379 mendacii
712 1337 999 1394 suspicionem
1021 1349 1190 1392 aequum
1218 1341 1282 1376 est
1304 1331 1558 1391 propulsari.
1587 1330 1640 1374 Et
1660 1329 1757 1373 ideo

385 1421 532 1448 verum
568 1415 799 1464 utrumque
821 1415 1050 1464 putamus,
1084 1419 1170 1446 non
1202 1402 1510 1446 sententiarum
1530 1401 1754 1448 varietate,

385 1490 464 1518 uec
481 1491 760 1535 personarum
779 1476 1022 1520 diversitate
1040 1475 1304 1523 distinctum.
1330 1473 1435 1518 Nam
1451 1481 1495 1516 et
1508 1472 1602 1541 ⁸35⁴}ss
1619 1470 1757 1529 primo

384 1547 521 1590 Lucas
547 1562 618 1590 eos
648 1562 733 1590 non
759 1547 993 1590 credidisse
1021 1545 1162 1595 dicat,
1186 1554 1334 1604 postea
1356 1552 1498 1586 tamen
1529 1540 1760 1585 credidisse

385 1618 649 1661 demonstrat
672 1633 682 1660 ε
709 1627 752 1660 et
779 1617 813 1660 si
844 1618 983 1674 prima
1011 1617 1333 1659 consideremus
1350 1647 1361 1664 ,
1391 1612 1603 1657 contraria
1627 1620 1757 1655 sunt:

386 1687 418 1729 si
442 1688 659 1745 sequentia
677 1721 687 1737 ‚
710 1695 882 1731 -certum
907 1696 971 1730 est
995 1686 1236 1730 convenire.
1266 1686 1359 1744 ipsa
1381 1684 1508 1743 igitur
1529 1669 1759 1741 Scriptura:

386 1759 511 1801 verba
535 1760 871 1802 consideremus.

449 1828 661 1873 CLXXII.
699 1828 770 1871 Sic
801 1829 865 1871 ait'
887 1827 1074 1870 ‹Ioannes
1104 1827 1212 1869 :1Et
1240 1824 1373 1885 gavisi
1403 1832 1502 1867 sunt
1527 1820 1754 1881 Discipuli,
1783 1808 1787 1821 ’

388 1918 403 1938 n
418 1900 506 1942 viso
530 1899 727 1945 Domino.
762 1919 776 1938 u
802 1899 914 1942 Dicit
935 1913 1037 1956 ergo
1056 1898 1121 1940 his
1143 1897 1297 1940 iterum
1319 1894 1456 1947 2·Pax
1478 1892 1622 1943 vehis,
1649 1891 1761 1936 sicut

388 1989 404 2010 n
420 1969 534 2024 misit
560 1986 628 2012 me
649 1970 790 2020 Pater,
815 1978 857 2012 et
877 1983 955 2027 ogo
983 1969 1106 2012 mitto
1132 1983 1217 2010 vos.
1250 1967 1302 2010 Et
1325 1980 1422 2009 cum
1447 1965 1532 2008 hoc
1565 1962 1756 2012 dixisset,

390 2041 645 2091 »insufflavit
667 2041 730 2084 his
750 2050 792 2083 et
817 2040 919 2082 dixit
939 2055 949 2081 ε
971 2039 1165 2098 Accipite
1185 2038 1390 2096 Spiritum
1414 2045 1632 2084 sanctum,
1658 2050 1759 2092 quo·

385 2129 510 2156 »rum
541 2114 787 2156 remiseritis
817 2121 1019 2172 peccata,
1062 2112 1341 2154 remittuntur
1376 2109 1442 2152 his
1461 2140 1472 2158 .
1508 2116 1551 2151 et
1575 2121 1758 2166 qnorum

385 2203 401 2223 n
417 2180 676 2226 retinueritis
698 2217 709 2232 ,
746 2191 909 2225 retenta
955 2190 1054 2224 sunt
1070 2182 1103 2225 ¹⁸.
1121 2200 1136 2220 ι
1157 2181 1294 2224 Lucas
1337 2188 1478 2223 autem
1516 2178 1620 2221 dicit
1647 2191 1657 2220 z
1680 2177 1758 2219 «Et
1783 2209 1786 2213 .

388 2273 403 2295 ι
418 2256 633 2313 quomodo
655 2261 949 2313 cognoverunt
970 2266 1068 2294 eum
1093 2251 1134 2293 in
1159 2249 1370 2293 fractione
1391 2247 1523 2307 panis.
1555 2246 1667 2290 Dum
1685 2261 1759 2289 au-

387 2344 403 2366 »
418 2334 502 2369 tem
522 2325 612 2368 haec
635 2326 871 2383 loquuntur
888 2356 898 2373 ,
924 2323 1014 2381 ipse
1030 2321 1146 2364 stetit
1168 2321 1210 2363 in
1230 2320 1376 2363 medio
1398 2333 1549 2361 eorum
1563 2351 1574 2367 .
1597 2325 1643 2360 et
1658 2316 1760 2360 dicit

388 2417 404 2438 ι
418 2397 477 2442 eis
501 2415 511 2439 ε
535 2401 621 2440 Pax
637 2396 778 2444 vobis,
799 2410 878 2454 ego
896 2409 988 2437 sum
1005 2427 1016 2444 ‚
1039 2392 1171 2435 nolite
1196 2388 1359 2434 timere.
1387 2388 1642 2433 Conturbati
1661 2403 1759 2431 vero

390 2487 406 2509 ι
418 2477 463 2511 et
481 2467 702 2511 conterriti
720 2466 988 2510 aestimabant
1004 2480 1049 2507 se
1065 2463 1262 2521 spiritum
1280 2461 1425 2504 videre
1437 2460 1471 2504 ⁵.
1487 2480 1503 2500 ο
1517 2458 1570 2502 Et
1591 2467 1762 2518 possent

389 2539 519 2582 videri
554 2538 623 2582 hic
652 2540 794 2597 plures
818 2537 946 2579 fuisse
970 2549 981 2578 τ
1005 2536 1077 2578 sed
1100 2533 1196 2591 quia
1220 2542 1263 2575 et
1283 2531 1353 2574 hic
1367 2546 1462 2575 sero
1481 2527 1760 2573 resurrectio·

435 2648 446 2665 ¹
472 2642 570 2677 ioan).
592 2652 649 2677 xx.
676 2652 724 2673 ιο.
745 2659 782 2665 -
802 2647 816 2664 ·
847 2640 925 2672 Luc.
947 2650 1036 2675 xxiv,
1054 2638 1091 2668 25
1106 2638 1210 2678 e149.
1230 2652 1271 2660 —
1288 2636 1304 2659 ⁸
1319 2634 1417 2668 Josu.
1445 2643 1514 2677 xix,
1534 2632 1590 2669 35.
1605 2647 1646 2660 -o
1675 2629 1758 2679 ⁴1³,

387 2707 443 2753 NJ,
460 2707 512 2742 ²⁰,
529 2702 561 2731 rt
576 2706 664 2754 seqq.
682 2713 718 2722 -·
741 2699 753 2719 ⁵
774 2697 851 2737 [4¹⁸⁰-
869 2705 961 2740 gxiv,
977 2694 1032 2732 55,
1048 2698 1079 2739 εοι
1097 2702 1186 2746 εφη,
1780 2696 1782 2698 -
