1800 3268
360 297 375 325 1
392 297 405 323 ¹
417 295 437 324 2
906 294 939 323 8.
978 294 1174 323 AMnnosu

357 374 590 434 cognitioni
612 373 695 416 hoc
712 380 755 415 et
775 371 960 431 indagini
976 372 1162 417 veritatis
1172 371 1451 432 praejudicare
1464 387 1549 418 non
1561 360 1711 434 potuit.

413 446 543 490 XLII.
582 444 642 488 Ne
670 443 793 486 nobis
823 451 966 487 tamen
997 443 1130 501 possit
1163 443 1444 502 praejudicare
1470 443 1745 495 videmus(

355 517 427 576 qui
445 515 530 559 veri
552 513 786 573 regalisque
802 514 967 571 generis
985 514 1167 557 dicimus
1184 514 1419 566 Christum,
1439 523 1482 559 et
1501 530 1578 574 per
1597 520 1719 559 veros
1790 509 1793 512 ’

357 597 399 630 et
422 586 584 629 nobiles
604 600 724 644 reges
746 593 888 628 actum
909 584 1083 629 Domini
1105 599 1253 643 genus.
1278 585 1364 629 Sed
1385 586 1459 630 ubi
1481 586 1719 631 adulterina
1794 598 1799 611 ⁹

353 672 533 715 regnum
555 655 768 699 affectavit
787 670 992 714 propago,
1015 656 1330 699 successionem
1350 656 1584 700 nobilitatis
1605 672 1717 707 suae,

357 743 442 771 non
470 726 692 786 potentiae,
722 726 795 769 sed
818 727 1102 785 generationis
1124 728 1231 770 ordo
1257 727 1451 771 servavit.
1472 727 1634 772 Tamen
1655 728 1717 788 ip·

358 814 452 852 sum
481 813 625 857 regem
659 799 897 841 secundum
934 797 1143 841 honorem
1176 797 1321 841 saeculi
1356 813 1440 841 non
1479 798 1722 858 accepimus

359 870 590 913 Christum.
617 869 848 922 Quomodo
869 884 970 927 ergo
991 887 1006 908 α
1025 868 1087 911 Ex
1120 868 1263 912 fructu
1295 869 1454 913 ventris
1478 869 1539 915 tui
1564 885 1720 928 ponam

359 955 516 998 »super
535 938 678 981 sedem
697 938 834 982 tuam¹
851 938 896 981 P»
910 939 1140 991 Quomodo
1166 947 1210 982 et
1232 939 1420 998 Angelus
1447 940 1500 982 de
1519 954 1572 983 eo
1593 939 1718 990 dicit,

359 1013 475 1070 quod
489 1010 640 1053 «Dabit
673 1010 731 1053 illi
755 1009 960 1052 Dominus
988 1010 1104 1053 Deus
1131 1011 1276 1053 sedem
1304 1009 1442 1054 David
1471 1011 1605 1070 patris
1631 1012 1720 1063 sui,

362 1090 433 1124 »et
461 1079 655 1138 regnabit
684 1079 727 1122 in
763 1080 891 1122 domo
925 1078 1123 1122 Jac0h21’
1154 1079 1386 1131 Quomodo
1418 1095 1596 1140 regnare
1628 1095 1724 1139 pro·
1796 1112 1800 1133 2

357 1152 565 1201 mittitur,
585 1165 663 1193 nec
680 1150 949 1193 ostenditur?
970 1149 1056 1193 Aut
1074 1152 1290 1207 quomodo
1316 1166 1368 1194 ex
1389 1151 1550 1195 semine
1569 1150 1723 1195 Jecho-
1792 1163 1800 1174 ¹¹

357 1223 438 1266 nim
472 1222 611 1265 nullus
648 1229 900 1278 regnaturus
929 1220 1090 1263 dicitur
1117 1236 1195 1278 per
1221 1220 1513 1278 prophetam?
1543 1221 1723 1266 sienim
1788 1246 1800 1272 ,-

361 1292 554 1336 Christus
589 1290 800 1349 regnavit,
834 1305 887 1333 ex
916 1290 1077 1333 semine
1109 1299 1251 1333 autem
1283 1290 1505 1335 Jechoniae
1532 1291 1725 1336 Christus

360 1373 439 1414 est,
457 1362 668 1421 Propheta
689 1361 895 1405 mentitus
916 1369 998 1413 est,
1022 1362 1202 1405 mentita
1225 1370 1325 1405 sunt
1347 1370 1391 1406 et
1412 1362 1613 1407 oracula.
1639 1363 1726 1408 Sed
1798 1373 1800 1379 '

361 1435 447 1479 illic
475 1433 640 1477 futuros
668 1448 720 1476 ex
741 1431 902 1475 semine
931 1431 1152 1475 Jechoniae
1184 1440 1379 1490 posteros
1410 1447 1499 1477 non
1521 1441 1724 1493 negatus-3

360 1513 404 1548 et
429 1504 524 1546 ideo
562 1504 615 1546 de
649 1502 812 1546 semine
842 1502 934 1559 ejus
965 1511 1030 1545 est
1064 1501 1260 1545 Christus
1287 1517 1297 1544 z
1324 1511 1367 1546 et
1392 1505 1509 1561 quod
1536 1502 1728 1562 regnavit

363 1573 581 1622 Christus,
600 1587 686 1615 non
707 1579 855 1615 contra
886 1571 1156 1630 prophetiam
1179 1580 1267 1623 cst;
1294 1586 1380 1616 non
1399 1572 1514 1616 enim
1536 1573 1727 1616 saeculari

362 1642 526 1686 honore
552 1641 766 1700 regnavit,
790 1655 871 1684 nec
891 1641 935 1683 in
957 1640 1178 1685 Jechoniae
1198 1641 1370 1686 sedibus
1396 1643 1505 1686 sedit
1528 1657 1539 1686 ε
1563 1644 1637 1686 sed
1657 1657 1727 1687 re-

362 1712 505 1771 gnavit
526 1712 569 1755 in
589 1711 691 1755 sede
709 1710 859 1755 David.

419 1783 572 1828 XLul.
596 1782 754 1827 Verum
769 1797 867 1825 cum
886 1781 974 1841 ipse
989 1780 1220 1826 Jechonias
1237 1784 1374 1827 David
1391 1783 1546 1828 sederit
1564 1782 1727 1835 sedem,

362 1855 723 1913 quemadmodum
762 1853 938 1896 solvitur
972 1855 1087 1911 quod
1123 1855 1286 1899 dictum
1322 1863 1413 1905 est,
1456 1854 1553 1913 quia
1595 1854 1731 1899 David

361 1927 505 1969 sedem
519 1923 738 1968 Jechoniae
754 1923 911 1981 posteri
941 1938 1027 1966 uon
1041 1925 1251 1968 sedebunt
1274 1960 1285 1976 ,
1320 1940 1420 1968 cum
1439 1916 1590 1969 eadem
1608 1925 1734 1969 sedes

361 1997 489 2040 fuisse
505 1996 697 2039 videatur
714 1992 968 2037 amborum?
985 1995 1133 2052 Itaque
1147 2005 1191 2038 et
1203 2010 1280 2039 nos
1293 1997 1438 2039 sedem
1450 1995 1586 2040 David
1603 1995 1732 2040 fuisse

362 2081 519 2125 negare
547 2080 633 2107 non
660 2078 886 2122 possumus
897 2081 910 2113 ς
937 2079 1022 2106 non
1055 2067 1251 2108 eumdem
1281 2074 1425 2109 tamen
1457 2065 1567 2125 regis
1596 2065 1734 2111 David

364 2139 509 2181 sedem
534 2135 752 2183 Christus,
795 2149 923 2191 quam
956 2133 1186 2179 Jochonias
1217 2137 1327 2179 sedit
1351 2151 1361 2179 :
1389 2136 1476 2180 imo
1502 2151 1582 2180 nec
1615 2137 1734 2196 quis-

366 2223 492 2265 quam
523 2206 627 2250 alius
654 2220 706 2248 ex
736 2219 892 2263 genere
923 2204 1059 2248 David
1090 2207 1233 2249 sedem
1263 2206 1356 2264 ejus
1381 2207 1521 2265 potuit
1550 2208 1726 2258 sedere,

366 2293 493 2337 quam
518 2277 711 2320 Christus
720 2292 732 2325 ;
757 2275 854 2333 quia
873 2276 1012 2318 necin
1031 2276 1112 2319 alio
1129 2291 1273 2319 semen
1296 2276 1388 2334 ejus
1411 2285 1618 2322 aeternum
1639 2286 1728 2329 est,

366 2349 442 2392 sed
472 2348 514 2390 in
550 2345 743 2395 Christo,
776 2345 888 2388 sicut
918 2344 1032 2388 Deus
1062 2345 1151 2403 ipso
1179 2346 1336 2403 juravit
1367 2347 1515 2390 dicens
1535 2345 1730 2391 asemel

364 2418 530 2477 »juravi
555 2418 597 2461 in
620 2424 766 2460 sancto
794 2431 915 2464 meo,
947 2416 982 2459 si
1011 2416 1145 2459 David
1167 2418 1375 2467 mentiar,
1402 2433 1549 2461 semen
1575 2417 1668 2476 ejus
1691 2418 1734 2461 in

364 2499 600 2533 »aeternum
623 2487 839 2536 manebit,
866 2494 909 2529 et
939 2488 1061 2530 sedes
1087 2486 1180 2543 ejus
1203 2488 1315 2530 sicut
1343 2488 1406 2531 sol
1437 2488 1479 2530 in
1502 2498 1736 2548 conspectu
1799 2487 1800 2490 ’

367 2559 531 2605 »meo⁸.
550 2578 566 2600 ι
589 2559 730 2613 Quem
752 2557 883 2616 igitur
908 2558 1013 2601 dicit
1033 2557 1134 2601 hic?
1157 2558 1250 2602 Non
1271 2559 1544 2603 Salomonem
1565 2559 1732 2618 utique,

416 2661 426 2676 ¹
448 2650 535 2686 Paul.
551 2661 664 2690 cun,
685 2661 732 2682 ιι.
748 2668 787 2675 -
807 2657 819 2673 ·
842 2650 922 2683 Luc.
942 2661 966 2688 ι,
982 2650 1087 2682 32.—
1102 2652 1114 2673 3
1135 2651 1217 2684 Psal.
1235 2662 1393 2687 uxum,
1413 2649 1528 2685 36·58.
