1846 3262
392 318 479 351 200
946 322 981 355 8.
1020 322 1214 355 ΑΜΒΒΟΒΙῘ

449 399 577 444 CXV.
616 399 774 459 Rapuit
803 399 933 462 igitur
957 401 1145 447 Ecclesia
1168 402 1402 464 Synagogoe
1426 403 1762 468 regnum.'Reg·
1831 441 1838 446 .

387 486 491 514 num
509 486 653 514 meum
674 470 866 516 Christus
883 483 948 518 est
966 489 976 518 ι
988 475 1116 533 rapio
1155 474 1276 519 illum
1305 477 1327 518 J
1332 476 1461 520 udaeis
1482 476 1658 522 missum
1681 478 1763 525 sub

389 542 501 600 Lege
517 574 527 591 ,
550 549 697 584 natum
721 542 764 586 in
785 543 912 603 Lege,
938 545 1148 589 nutritum
1166 546 1283 604 juxta
1306 547 1490 607 Legemg
1514 556 1561 592 ut
1578 564 1666 599 me,
1689 547 1764 608 qui

389 627 505 654 oram
527 611 616 655 sinc
632 613 744 671 Lege
758 647 769 663 ,
789 624 988 659 servaret.
1009 617 1188 676 Rapitur
1206 616 1417 670 Christus,
1437 633 1537 663 cum
1556 619 1647 663 aliis
1662 635 1763 680 pro·

391 683 576 726 mittitur
590 714 601 735 ,
625 684 714 727 aliis
734 686 1064 743 praedestinatur
1084 701 1094 729 ε
1115 687 1280 745 rapitur
1299 687 1522 740 Christus,
1548 703 1651 733 cum
1673 690 1766 733 aliis

390 754 606 804 nascitur,
633 753 723 798 aliis
737 755 1022 815 suffragatur:
1046 757 1209 817 rapitur
1232 757 1427 802 Christus
1445 791 1457 810 ,
1481 773 1583 802 cum
1607 758 1768 822 ahraliis

389 825 626 876 occiditur,
651 827 853 885 sepelitur
874 842 896 870 a
920 827 1043 871 nobis
1070 843 1080 870 τ
1105 827 1269 887 rapitur
1302 827 1631 879 insidiantibus,
1655 822 1770 890 rapiss
1838 830 1844 882 j

389 905 459 939 tur
477 898 800 942 dormientibus.
815 900 955 943 Habes
969 900 1044 943 ubi
1063 900 1143 958 ipsi
1159 899 1340 943 confessi
1353 908 1453 943 sunt
1466 915 1542 944 nos
1554 900 1764 960 rapuisse,

394 983 438 1012 se
466 968 671 1013 dormisse
688 1003 698 1019 ,
725 969 918 1021 dicentes
940 986 950 1012 x
969 970 1132 1014 «Dicite
1163 970 1262 1028 quia
1288 969 1496 1030 Discipuli
1517 970 1612 1029 ejus
1644 979 1771 1033 nocte

395 1049 657 1090 nvenerunt,
693 1050 736 1084 et
768 1040 895 1084 furati
928 1050 1028 1085 sunt
1058 1057 1183 1091 eum,
1213 1041 1337 1084 nobis
1369 1034 1725 1102 dormientibnsf.
1745 1061 1759 1082 ι

399 1111 534 1170 Surge
556 1111 684 1170 igitur
700 1112 772 1169 qui
796 1112 981 1162 dormis3
1004 1127 1059 1155 ne
1081 1121 1124 1156 et
1142 1120 1189 1155 tu
1210 1111 1314 1154 dum
1337 1111 1497 1155 dormis
1516 1145 1528 1162 ,
1552 1111 1771 1156 Christum

394 1182 576 1225 amittas.
595 1181 756 1241 «Surge
778 1183 850 1239 qui
873 1183 1033 1226 dormis
1049 1215 1060 1232 ,
1089 1191 1132 1225 et
1154 1197 1312 1240 exurge
1329 1197 1351 1225 a
1368 1175 1550 1226 mortuis
1562 1181 1594 1226 ².
1617 1181 1774 1225 »Vides

400 1262 595 1296 mortuos
618 1268 710 1296 esse
742 1254 812 1311 qui
839 1253 1092 1297 dormiunt?
1112 1254 1167 1297 Et
1189 1253 1285 1297 ideo
1306 1268 1394 1297 non
1416 1253 1655 1297 invidemus
1666 1253 1773 1303 aliis,

399 1326 474 1366 sed
495 1324 770 1382 providemus
792 1324 915 1367 nobis
931 1341 942 1374 ς
962 1339 1051 1367 non
1071 1324 1186 1367 enim
1204 1323 1363 1368 mortui
1385 1332 1586 1384 poterant
1605 1338 1774 1368 servare

403 1390 630 1437 viventem.
1611 1390 1613 1392 ³
1775 1384 1778 1390 Ι

463 1462 615 1507 CXVI.
644 1463 875 1523 ’Exurgant
904 1464 970 1507 vel
997 1479 1092 1506 sero
1124 1464 1196 1522 qui
1225 1464 1515 1514 dormierunt,
1546 1464 1673 1508 etiam
1703 1463 1776 1523 qui

403 1534 620 1577 Christum
636 1534 928 1592 perdiderunt.
952 1534 1044 1578 Non
1067 1535 1127 1578 sic
1144 1534 1356 1578 amittitur
1379 1535 1597 1586 Christus,
1622 1527 1671 1580 ut
1687 1536 1775 1579 iton

404 1612 664 1653 revertatur,
692 1605 725 1647 si
759 1613 900 1647 tamen
929 1605 1172 1663 requiratur
1201 1621 1211 1648 ε
1242 1607 1317 1648 sed
1338 1606 1612 1665 vigilantibus
1643 1620 1781 1664 regre-

409 1675 549 1723 ditur,
573 1682 615 1716 et
636 1676 939 1733 exurgentibus
968 1684 1121 1734 praesto
1155 1685 1218 1719 est
1249 1691 1259 1719 ε
1292 1676 1377 1720 imo
1412 1676 1612 1721 omnibus
1636 1677 1780 1727 adest,

408 1744 487 1801 qu'r
504 1745 665 1802 ubique
696 1761 864 1803 semper
891 1754 978 1794 est,
1007 1746 1103 1802 quia
1126 1746 1315 1804 complet
1336 1745 1492 1788 omnia.
1522 1746 1636 1790 Nulli
1663 1745 1783 1790 euim
1829 1745 1842 1752 ⁴

412 1812 581 1863 deficit,
615 1830 691 1856 nos
724 1813 948 1857 deficimus
971 1830 980 1857 :
1010 1815 1140 1863 nulli,
1177 1805 1351 1873 inquam
1373 1849 1382 1866 ,
1408 1814 1584 1866 deficit,
1609 1821 1788 1874 supera-
1806 1845 1821 1853 -

411 1885 577 1927 bundat
604 1885 829 1934 omnibus3
853 1885 1219 1943 superabundavit
1235 1885 1349 1928 enim
1372 1894 1625 1944 peccatum,
1648 1880 1699 1932 ut
1721 1901 1790 1931 su-

413 1957 730 2013 perabundaret
750 1956 895 2014 gratia.
919 1955 1064 1999 Gratia
1083 1955 1277 1999 Christus
1293 1965 1374 2005 est,
1392 1956 1479 2000 vita
1494 1955 1692 2000 Christus
1706 1946 1788 2007 est.

413 2027 702 2071 Christus'est
733 2027 992 2070 resurrectio
1022 2042 1032 2069 ε
1062 2027 1135 2085 qui
1155 2026 1290 2085 surgit
1317 2026 1476 2085 igitur,
1510 2026 1674 2071 invenit
1701 2042 1793 2071 esse

418 2106 689 2157 praesentem.

477 2166 651 2211 CXVII.
691 2167 871 2225 Rapitur
889 2182 991 2226 ergo
1013 2181 1193 2226 regnum
1216 2167 1426 2209 coelorum
1443 2197 1456 2216 ,
1478 2180 1580 2210 cum
1599 2165 1796 2212 Christus

416 2253 438 2280 a
471 2237 714 2280 domesticis
745 2238 1006 2295 denegatur,
1039 2253 1062 2280 a
1093 2236 1321 2296 gentilibus
1354 2235 1556 2280 adoratur
1582 2251 1593 2280 τ
1620 2232 1792 2296 rapitur

425 2322 526 2351 cum
544 2308 596 2350 ab
614 2308 693 2350 illis
714 2308 990 2366 repudiatur,
1020 2323 1042 2350 a
1063 2307 1185 2351 nobis
1206 2307 1363 2351 colitur
1380 2306 1570 2366 :rapitur
1591 2319 1692 2351 cum
1716 2321 1797 2366 per

420 2376 713 2421 haereditatom
737 2392 826 2421 non
847 2378 1112 2436 agnoscitur,
1137 2392 1214 2436 per
1242 2376 1518 2436 adoptionem
1541 2375 1795 2436 acquiritur.

454 2491 462 2506 ¹
494 2482 616 2518 Matih.
633 2491 750 2523 xxviii,
775 2483 824 2517 13.
845 2499 885 2508 -—
905 2491 919 2508 ¹
939 2481 1063 2527 Ephes.
1081 2491 1115 2523 v,
1137 2481 1188 2520 ¹4·
