1846 3262
393 262 416 305 3
426 262 480 305 36
827 260 853 283 “
944 278 978 306 s.
1017 278 1213 308 annnosn

390 355 562 399 Domini
596 363 798 414 tanquam
834 355 946 400 diem
971 373 1130 408 unum;
1168 373 1220 401 eo
1243 358 1358 416 quod
1393 374 1445 402 ex
1469 358 1760 420 incompositis

390 436 514 485 atque
531 427 766 470 tenebrosis
778 427 910 471 forma
923 428 1040 471 istius
1060 429 1209 472 mundi
1229 462 1240 479 ,
1267 428 1396 472 divini
1411 431 1551 489 operis
1567 432 1758 476 claritate

385 497 651 556 processerit.
680 498 789 557 Ergo
810 498 843 541 si
870 499 958 541 dies
978 508 1113 542 totum
1140 509 1307 559 tempus
1334 509 1398 544 est
1427 502 1599 552 mundi,
1624 502 1759 547 habet

391 569 537 626 utiquo
553 569 678 612 etiam
708 569 749 612 in
775 571 939 614 saeculis
962 571 1089 614 horas
1113 587 1208 615 suas
1234 587 1243 615 :
1271 583 1342 615 aut
1365 573 1450 632 ipsa
1469 575 1622 618 saecula
1643 574 1758 618 horae

386 647 497 681 sunt.
516 639 640 682 llorae
661 649 804 683 autem
824 641 906 683 diei
931 641 1160 685 duodecim
1181 652 1302 693 sunt3
1323 646 1436 687 unde
1447 645 1557 687 bene
1576 645 1617 688 ἰιι
1636 633 1756 703 'mys—

388 710 494 752 terio
520 710 609 754 dies
634 710 846 761 Christus,
875 712 998 771 cujus
1024 713 1215 772 Apostoli
1230 715 1456 759 duodecim
1472 750 1484 767 ,
1507 716 1580 775 qui
1597 717 1757 761 coelesti

389 781 550 825 lumine
573 782 781 826 distinctis
807 784 847 826 in
870 800 914 827 se
935 785 1080 843 gratiae
1109 786 1272 829 vicibus
1304 786 1572 832 refulserunt.

449 852 684 897 CCXXIII.
724 854 846 898 Venit
866 871 966 914 ergo
990 856 1291 914 paterfamilias
1309 867 1352 901 et
1381 858 1516 917 prima
1537 859 1642 903 hora
1658 874 1758 903 con-

391 922 510 965 duxit
531 924 767 982 operarios,
788 925 974 969 fortassis
996 942 1068 969 eos
1086 927 1156 985 qui
1187 944 1207 971 a
1231 929 1441 988 principio
1457 930 1608 973 mundi
1623 944 1757 989 usque

388 996 442 1036 ad
464 994 671 1039 diluvium
695 995 796 1054 justi
818 1012 908 1039 csse
929 1007 1202 1050 meruerunt,
1233 1001 1285 1043 de
1307 1001 1461 1059 quibus
1481 1001 1538 1044 ait
1557 1017 1597 1044 ει
1618 1000 1672 1044 Et
1690 1002 1757 1044 lo-

385 1083 401 1105 »
417 1073 541 1108 cutus
558 1081 652 1109 sum
675 1068 728 1110 ad
750 1083 822 1110 vos
836 1077 933 1111 ante
949 1070 1089 1111 lucem
1112 1085 1121 1111 :
1149 1078 1188 1112 et
1208 1070 1302 1114 misi
1319 1071 1458 1124 advos
1475 1087 1617 1115 servos
1639 1088 1756 1116 meos

387 1136 648 1195 »Prophetas
685 1147 781 1181 ante
807 1140 989 1183 lucem¹.
1017 1161 1033 1180 υ
1057 1141 1200 1184 Tertia
1227 1151 1320 1200 post
1349 1143 1554 1187 diluvium
1580 1143 1754 1203 incipit,

387 1207 477 1252 Noe·
488 1217 825 1267 caeterorumque
838 1220 1026 1270 tempora
1042 1213 1425 1272 comprehendens,
1438 1215 1509 1274 qui
1527 1215 1756 1274 quasiboni

389 1281 570 1339 operarii
586 1281 628 1323 in
649 1281 813 1324 vineam
841 1283 1131 1335 destinantur;
1157 1286 1251 1329 ideo
1269 1287 1388 1344 quasi
1408 1287 1448 1330 in
1472 1287 1650 1346 prandio
1667 1287 1754 1331 ine-

389 1351 550 1395 briatus
581 1360 644 1395 est
661 1351 765 1396 Noe.
783 1352 906 1396 Sexta
926 1363 968 1397 et
987 1355 1158 1413 reliquae
1174 1356 1357 1400 Abrahae
1371 1390 1381 1406 ,
1404 1357 1521 1400 Isaac
1536 1390 1548 1407 ‚
1565 1367 1608 1401 ot
1619 1357 1755 1402 Jacob

386 1423 730 1467 Patriarcharum
754 1425 904 1470 merita
929 1425 1210 1484 distinguunt.
1243 1427 1361 1471 Nona
1377 1460 1388 1477 ,
1411 1428 1642 1471 inclinante
1668 1427 1754 1486 jam

388 1496 567 1545 saeculo,
592 1503 634 1538 et
657 1504 857 1553 tanquam
881 1498 1124 1555 palescente
1151 1499 1248 1541 luce
1272 1498 1459 1549 virtutis,
1483 1499 1569 1544 Lex
1590 1508 1632 1543 et
1647 1499 1755 1544 Pro-

386 1566 525 1624 phetae
536 1567 754 1609 decolores
769 1582 907 1610 mores
921 1568 1144 1611 hominum
1162 1578 1428 1613 notaverunt.
1451 1569 1726 1614 Undecimam
1740 1603 1753 1619 ,

387 1644 429 1679 et
456 1638 572 1694 quod
597 1646 790 1695 superest
811 1637 893 1681 diei
911 1671 922 1688 ‚
948 1653 1067 1682 sacer
1096 1640 1294 1698 producit
1321 1641 1539 1683 adventus.
1573 1640 1692 1683 Unde
1713 1648 1755 1701 et

386 1706 532 1765 ipsein
550 1706 775 1766 Evangelio
789 1708 893 1751 dicit
918 1724 960 1750 :a
984 1709 1698 1754 Ambulatedumiumenhabetis².
1727 1729 1743 1749 a

447 1776 678 1821 CCXXlV.
718 1778 802 1821 Sed
823 1777 908 1836 jam
933 1780 1158 1823 redeamus
1182 1782 1234 1824 ad
1253 1781 1447 1831 Patrenu
1470 1780 1572 1825 licet
1587 1777 1675 1825 non
1687 1795 1754 1824 ve-

385 1862 480 1891 rear
500 1863 555 1892 ne
578 1848 695 1891 istius
727 1849 1018 1908 poenitentiam
1043 1852 1226 1911 gerentis
1249 1854 1444 1912 exemplo
1466 1849 1551 1896 diu‘
1571 1851 1752 1896 abfuisse

382 1919 604 1962 videamur
640 1922 876 1977 (nunquam
903 1921 1017 1964 enim
1043 1922 1276 1974 abfuimus,
1311 1923 1383 1982 qui
1415 1923 1689 1968 versabamur
1710 1923 1751 1966 in

385 1992 530 2042 vinea,
554 1992 595 2034 in
618 2006 698 2049 qua
716 1991 749 2033 si
770 1999 812 2034 et
838 1991 915 2035 iste
932 1993 1179 2043 mansisset,
1203 2010 1288 2037 non
1308 1993 1548 2038 recessisset
1562 2009 1585 2038 a
1601 1993 1746 2052 Patre)

387 2062 619 2104 cavendum
647 2069 790 2104 tamen
813 2071 898 2111 est,
922 2077 976 2105 ne
998 2078 1074 2106 nos
1095 2064 1133 2106 ei
1170 2064 1526 2108 reconciliationis
1546 2063 1751 2107 faciamus

384 2147 547 2175 moram
562 2165 572 2182 ,
588 2147 714 2190 quam
724 2148 808 2175 nou
821 2132 920 2176 fecit
931 2133 1068 2178 Pater.
1083 2134 1226 2178 Facile
1238 2135 1541 2179 reconciliatur
1552 2167 1564 2184 ,
1578 2135 1751 2193 quando

384 2201 573 2260 impense
589 2211 776 2259 rogatur.
798 2202 956 2246 Etideo
972 2205 1185 2248 discamus
1196 2206 1307 2263 quali
1318 2206 1442 2249 Pater
1455 2204 1751 2248 obsecratione

383 2274 436 2318 sit
454 2274 718 2317 ambiendus.
738 2292 754 2313 α
781 2274 905 2317 Pater
943 2275 1097 2334 inquit.
1123 2295 1139 2316 »
1165 2277 1305 2330 Quam
1327 2275 1590 2327 misericors,
1619 2291 1748 2335 quam

387 2345 497 2405 pius,
518 2345 591 2403 qui
616 2360 696 2388 nec
719 2344 904 2388 oss'ensus
922 2347 1107 2405 patrium
1128 2347 1383 2406 dedignatur
1399 2363 1556 2391 nomen
1569 2346 1748 2391 audire?

453 2434 469 2456 ι
486 2415 611 2459 Pater
626 2449 638 2466 ,
661 2415 823 2473 inquit,
847 2416 1022 2475 peccavi
1044 2417 1087 2460 in
1107 2419 1263 2461 coelum
1281 2451 1291 2470 ,
1316 2427 1359 2462 et
1382 2433 1526 2462 coram
1542 2416 1650 2462 ω’.»

443 2485 652 2530 CCXXV.
689 2487 790 2530 flaec
813 2495 878 2530 est
898 2488 1035 2546 prima
1063 2488 1272 2532 consessio
1299 2492 1412 2549 apud
1435 2499 1651 2534 auctorem
1676 2502 1750 2532 na·

382 2566 512 2609 turae,
545 2557 769 2616 praesulem
791 2558 1115 2612 misericordiae,
1146 2561 1354 2605 arbitrum
1379 2562 1528 2622 culpae.
1560 2559 1646 2606 Sed
1666 2558 1745 2605 etsi

351 2655 369 2676 θ
383 2642 420 2697 J*
448 2651 573 2686 Jerem.
586 2661 646 2691 vn,
666 2651 719 2686 2⁵.
738 2669 779 2678 -
798 2661 811 2678 ·
832 2652 929 2709 Joan.
946 2663 1009 2696 ιιι,
1027 2653 1082 2689 ³5.
1099 2670 1141 2679 —
1159 2655 1172 2678 ³
1189 2654 1268 2688 Luc.
1289 2665 1342 2695 xv,
1365 2655 1415 2687 18.
