1800 3268
375 325 389 356 ι
408 311 457 354 ι6
926 319 958 348 s.
998 318 1190 348 aunnosu

371 411 443 447 tur
462 400 577 460 quod
601 398 706 443 alius
729 396 857 441 suerit
882 396 1011 440 Josiae
1034 396 1169 446 filius,
1196 394 1301 439 alius
1326 408 1458 453 nepos
1478 407 1488 437 ε
1508 390 1622 437 filius
1641 383 1735 442 ille.

365 474 435 517 cui
447 469 679 515 Hieremias
691 483 849 512 nomen
861 468 1082 527 imposuit,
1098 466 1316 526 neposiste
1327 466 1400 524 qui
1412 464 1542 523 patris
1565 471 1739 508 vocatus

367 553 432 588 est
452 542 640 587 nomine.
671 541 724 584 Et
741 541 849 584 bene
874 547 1046 583 sauctus
1076 539 1300 582 Matthaeus
1321 552 1343 580 a
1361 536 1573 595 Propheta
1599 533 1742 579 noluit

369 616 612 673 discrepare
623 629 635 663 ς
653 621 798 656 ιιιιιοιι
815 611 1029 660 Joachim,
1049 612 1123 654 sed
1133 609 1387 652 Jechoniam
1403 605 1742 652 nominaret-Si-

375 686 491 735 mul,
519 692 565 727 ut
585 698 711 742 supra
735 681 916 725 diximus
932 714 942 730 ,
961 680 1169 737 majorem
1192 679 1380 722 sructu'm
1401 677 1636 721 Dominicae
1655 675 1742 735 pie·

322 767 337 798 1
372 756 473 800 tatis
493 754 696 804 astruxit,
721 753 753 796 si
772 752 939 811 generis
964 751 1232 794 nobilitatem
1256 764 1341 792 non
1370 748 1412 791 in
1438 746 1638 790 omnibus
1661 745 1743 788 Do-

373 827 519 870 minus
545 822 766 881 requisivit
786 839 796 864 :
817 823 890 865 sed
912 822 964 864 de
982 820 1157 880 captivis
1179 828 1220 862 et
1241 818 1540 878 peccatoribus
1554 830 1744 874 congrue

363 895 482 940 nasci
500 893 656 943 voluit,
677 893 749 951 qui
768 892 1063 935 remissionem
1080 890 1277 934 veniebat
1294 889 1528 947 praedicare
1544 885 1736 945 captivis.

364 966 460 1011 Non
486 965 614 1024 igitur
635 962 873 1022 suppressit
895 964 1075 1005 alterum
1096 960 1360 1019 Evangelista
1376 992 1387 1010 ,
1412 959 1488 1002 sed
1506 966 1744 1014 utrumque

366 1035 547 1094 signavit
559 1050 571 1084 ;
606 1034 723 1092 quod
754 1041 934 1090 uterque
965 1032 1198 1075 Jechonias
1236 1031 1375 1074 dictus
1406 1028 1473 1072 sit.
1510 1028 1573 1071 Ita
1596 1026 1742 1070 addito

370 1107 543 1166 juniore
560 1104 794 1154 Jechonia,
820 1104 1118 1163 generationes
1141 1100 1467 1160 quatuordecim
1489 1106 1744 1162 computan-

368 1187 452 1230 tur.
478 1177 590 1235 Ergo
619 1175 689 1219 illa
717 1175 955 1219 Matthoeus.

427 1247 600 1292 LXV11.
626 1246 813 1290 Pulchre
834 1255 976 1290 autem
992 1245 1133 1289 Lucas
1154 1244 1359 1303 quoniam
1376 1216 1487 1288 filios
1501 1239 1636 1285 Jacob
1653 1241 1745 1299 plu-

371 1334 440 1362 res
473 1334 560 1362 non
596 1326 765 1378 poterat
797 1317 1186 1376 comprehendere,
1218 1331 1272 1359 ne
1302 1323 1419 1359 extra
1451 1311 1744 1372 generationes

372 1390 541 1448 evagari
578 1389 794 1447 superflua
829 1389 937 1432 serie
971 1388 1216 1436 videretur;
1243 1387 1346 1430 licet
1368 1386 1411 1430 in
1442 1385 1557 1434 aliis,
1581 1383 1625 1427 id
1653 1390 1742 1433 est,

368 1461 499 1519 longe
536 1459 868 1518 posterioribus,
911 1459 1256 1502 Patriarcliarum
1298 1466 1440 1500 tamen
1476 1468 1744 1514 nequaquam

372 1532 548 1574 nomina
579 1530 943 1588 praetermittenda
979 1531 1209 1572 arbitratus
1246 1530 1327 1578 sit,
1368 1529 1442 1571 sed
1474 1541 1561 1586 prae
1593 1525 1745 1569 ceteris

377 1601 572 1660 eligenda
592 1632 604 1650 ,
633 1599 816 1656 Joseph,
850 1599 999 1650 Judae,
1035 1598 1259 1656 Symeonis
1278 1630 1290 1647 ,
1322 1607 1364 1641 et
1386 1597 1518 1641 Levi'.
1549 1595 1747 1648 Quatuor

376 1672 491 1714 enim
509 1684 665 1728 genera
681 1669 722 1712 in
737 1669 802 1711 his
817 1684 1000 1726 quorum
1023 1669 1092 1712 isti
1122 1669 1279 1727 posteri
1305 1676 1427 1718 sunt,
1448 1665 1744 1725 cognoscimus

373 1742 504 1786 fuisse
521 1742 740 1784 virtutum.
764 1741 811 1782 In
828 1740 956 1790 Juda,
980 1741 1023 1782 id
1051 1748 1130 1790 est,
1147 1740 1220 1783 illo
1248 1739 1467 1797 superiore
1481 1771 1492 1788 ,
1511 1736 1745 1780 Dominicae

374 1827 453 1871 per
475 1810 656 1869 figuram
678 1809 883 1868 passionis
910 1810 1163 1868 mysterium
1186 1808 1313 1851 fuisse
1335 1805 1682 1867 prophetatum²:
1701 1806 1745 1848 in

375 1882 537 1940 «Ioseph
558 1881 820 1939 praecessisse
834 1880 1036 1924 castitatis
1047 1881 1292 1938 exemplum
1316 1878 1352 1921 ³:
1379 1879 1420 1922 in
1443 1878 1631 1936 Symeon
1658 1876 1749 1920 vin·

376 1952 536 1995 dictam
552 1951 639 1994 laesi
658 1950 831 2009 pudoris
847 1949 878 1992 ⁶:
897 1951 939 1992 in
956 1950 1056 1993 Levi
1076 1948 1265 2002 officium
1280 1947 1553 1992 sacerdotis⁵.
1574 1947 1655 1991 Per
1667 1945 1702 1990 N
1707 1960 1747 1989 a·

374 2021 480 2064 than
497 2035 915 2078 quoqueexpressam
928 2020 1187 2063 advertimus
1203 2018 1439 2077 prophetiae
1455 2015 1742 2076 dignitatem⁸3

381 2099 431 2133 ut
457 2091 554 2147 quia
587 2105 702 2147 *unus
724 2090 865 2131 omnia
898 2089 1094 2132 Christus
1119 2089 1266 2139 Jesus,
1296 2089 1338 2131 in
1367 2088 1543 2146 singulis
1575 2102 1746 2146 quoque

380 2159 618 2216 majoribus
637 2173 792 2216 genera
820 2158 1024 2200 virtutum
1048 2159 1211 2202 diversa
1235 2160 1539 2216 praecederent.

437 2228 625 2273 XLV111.
695 2228 784 2271 Nos·
807 2229 1092 2286 quoquejusti
1115 2229 1226 2271 inter
1246 2229 1492 2272 Dominicas
1513 2227 1746 2286 generatio-

381 2315 455 2344 nes
480 2300 830 2343 commemoratio
860 2314 946 2342 non
970 2300 1118 2342 debuit
1136 2299 1428 2357 praetcrmitti;
1460 2308 1507 2342 ut
1527 2299 1624 2357 quia
1644 2297 1744 2342 aedi·

379 2369 532 2420 ficato-r
558 2369 760 2412 Ecclesia>
791 2369 1090 2417 nascebatur⁷,
1120 2385 1218 2412 eum
1242 2371 1306 2412 sui
1331 2370 1496 2427 generis
1525 2377 1743 2412 auctorem

378 2438 631 2497 praemisisse
668 2438 885 2487 videatur,
914 2439 986 2496 qui
1015 2453 1109 2481 eam
1141 2439 1184 2480 in
1218 2447 1317 2497 typo
1350 2449 1448 2482 ante
1474 2439 1738 2482 fundaverat.

378 2508 487 2553 Nam
505 2509 557 2551 de
575 2508 824 2552 Mathusala⁸
852 2509 956 2566 quid
973 2509 1111 2551 dicam
1127 2541 1138 2558 ‚
1154 2507 1275 2566 eujus
1299 2511 1407 2552 ultra
1429 2508 1639 2553 diluvium
1662 2523 1744 2552 nu-

428 2619 438 2634 ·
459 2611 540 2643 Luc.
559 2621 609 2649 ιιι,
630 2610 686 2643 5ο.
701 2628 743 2636 -
763 2621 776 2636 ¹
796 2612 882 2644 Gen.
900 2622 988 2645 xux.
1007 2621 1056 2643 ιι.
1074 2629 1114 2637 -
1133 2613 1146 2634 ³
1168 2610 1218 2642 id.
1232 2622 1345 2649 xxxix,
1361 2623 1392 2654 7.
1410 2629 1450 2636 —
1465 2610 1545 2643 ⁴1d.
1558 2618 1672 2650 xxxiv,
1688 2609 1739 2642 25.

379 2682 420 2689 —
437 2666 450 2687 ⁵
466 2664 562 2698 Num.
581 2675 632 2705 ιιι,
647 2665 680 2699 6.
696 2683 737 2690 --
756 2666 771 2689 ⁶
788 2677 803 2698 2
823 2666 902 2707 Reg.
921 2677 979 2705 xn,
1002 2676 1026 2696 ι.
1044 2684 1079 2690 -
1100 2670 1110 2692 7
1131 2664 1214 2697 Gen.
1230 2676 1273 2709 vi,
1298 2666 1424 2714 nim-¹⁸
1445 2664 1496 2699 ld.
1513 2675 1546 2705 v,
1561 2674 1614 2707 ²7·
