1846 3262
409 283 496 334 2564
850 315 854 321 .
962 292 995 320 s.
1035 291 1234 320 Amnosn

411 385 514 418 tunc
545 372 751 422 credidit,
781 377 1056 431 posteaquam
1082 385 1264 413 vacuum
1286 370 1479 428 corporis
1508 369 1615 413 vidit
1635 367 1778 429 sepul·

412 445 578 490 crum¹.
615 444 703 488 Cur
729 458 831 502 ergo
856 443 993 486 Lucas
1021 442 1187 485 inducit
1212 443 1356 500 plures
1392 441 1522 485 fuisse
1551 441 1778 485 turbatos?

411 518 554 561 Primo
577 515 793 562 omnium.
815 514 913 572 quia
933 528 1170 572 paucorum
1192 513 1438 571 opinionem
1455 513 1677 557 sententia·
1691 529 1779 557 ma·

415 587 517 643 ioris
538 586 669 645 partis
691 585 872 628 includit
891 600 902 626 ε
921 584 1077 628 deinde
1099 584 1197 641 quia
1217 584 1295 626 etsi
1317 584 1467 627 Petrus
1487 586 1542 627 de
1562 584 1780 627 resurrec—

414 661 532 704 tione
553 657 818 705 crediderat,
838 656 1000 699 turbari
1025 664 1164 698 tamen
1182 655 1321 713 potuit
1335 688 1347 705 ,
1367 670 1466 698 cum
1487 656 1650 699 videret
1663 657 1781 714 quod

414 747 458 774 so
483 730 690 775 Dominus
716 743 814 771 cum
843 741 1024 785 corpore
1047 726 1090 769 in
1111 741 1160 769 ea
1189 740 1283 783 quae
1310 725 1777 775 vestibulis-obseratis,

413 810 457 846 et
479 800 737 846 constructis
758 807 880 842 erant
905 807 1023 857 septa
1041 797 1273 856 parietibus
1289 829 1300 846 ,
1324 798 1575 857 improvisus
1590 797 1781 841 infunde-

414 881 492 917 ret.
527 871 664 915 Lucas
693 884 795 928 ergo
830 869 1047 912 historice
1073 869 1235 927 singula
1271 878 1526 926 prosecutus
1540 876 1545 881 ‘
1560 878 1627 913 ost
1665 885 1676 912 τ
1710 870 1781 913 ille

414 943 542 987 finem
563 941 790 1001 spectavit,
811 940 882 984 hic
899 939 1064 983 seriem.
1091 939 1195 983 Nam
1220 941 1368 997 utique
1385 941 1569 983 diceudo
1590 935 1635 983 τ’.
1655 941 1779 983 Tunc
1841 929 1843 931 ’

417 1034 433 1055 »
448 1013 611 1073 aperuit
624 1012 706 1055 illis
717 1026 901 1063 sensum,
918 1019 965 1053 ut
977 1010 1262 1067 intelligerent
1275 1025 1322 1053 ea
1335 1025 1428 1067 quae
1438 1010 1594 1069 scripta
1607 1011 1770 1059 sunt2,
1734 1026 1744 1038 ·

415 1085 543 1128 etiam
568 1083 656 1140 ipse
680 1081 921 1138 Discipulos
941 1080 1171 1123 credidisse
1187 1080 1427 1138 profitetur.

478 1150 695 1197 CLXXX.
729 1150 934 1208 Spiritum
968 1159 1111 1193 autem
1145 1159 1339 1193 sanctum
1370 1153 1436 1194 vel
1460 1151 1550 1194 illis
1579 1118 1781 1195 undecim

416 1224 535 1285 quasi
549 1221 875 1282 perfectioribus
893 1220 1154 1271 insufflavw,
1173 1230 1216 1264 et
1233 1222 1407 1279 reliquis
1429 1232 1573 1281 postea
1595 1225 1783 1267 tribuen-

381 1325 384 1329 Α
418 1297 519 1339 dum
537 1308 630 1337 esse
647 1292 856 1351 promittit
877 1307 887 1334 :
906 1294 973 1335 vel
989 1292 1138 1335 iisdem
1159 1293 1218 1335 ibi
1236 1293 1501 1343 insufflavit&
1514 1294 1586 1338 hic
1602 1309 1783 1353 spopon-

418 1366 494 1410 dit.
529 1364 616 1409 Nec
649 1364 817 1406 videtur
848 1378 941 1405 esse
977 1363 1265 1414 contrarium,
1303 1379 1404 1407 cum
1443 1365 1670 1408 divisiones
1699 1367 1783 1409 sint

419 1435 650 1495 gratiarum
671 1433 807 1476 :oeAlii
829 1434 945 1477 enim
968 1435 1094 1476 datur
1116 1449 1257 1477 sermo
1279 1436 1518 1493 sapientiai,
1545 1436 1613 1479 alii
1641 1445 1782 1480 autem

420 1522 589 1550 »sermo
622 1505 809 1548 scientiae
830 1505 1068 1547 secundum
1097 1507 1297 1548 eumdem
1325 1506 1555 1565 Spiritum,
1586 1507 1654 1550 alii
1677 1507 1783 1552 fides

418 1596 434 1619 ι
448 1578 491 1620 ἱῐι
510 1576 660 1620 eodem
683 1575 843 1633 Spiritu
858 1607 868 1623 .
896 1575 963 1617 alii
980 1576 1113 1633 gratia
1129 1577 1400 1620 curationum
1425 1578 1468 1620 iu
1485 1577 1753 1637 unoSpiritu
1768 1610 1782 1627 ‚

418 1667 435 1689 »
450 1647 518 1691 alii
539 1645 728 1704 operatio
751 1646 955 1688 virtutum
971 1677 983 1694 ,
1013 1645 1080 1688 alii
1106 1646 1354 1704 prophetia,
1378 1648 1447 1691 alii
1469 1649 1671 1693 discretio
1695 1650 1784 1709 spi-

418 1719 636 1766 »rituum,
661 1715 730 1758 alii
756 1731 909 1774 genera
933 1715 1195 1773 linguarum,
1221 1717 1289 1760 alii
1315 1717 1615 1776 interpretatio
1627 1733 1784 1763 sermo·

419 1807 436 1829 »
450 1787 594 1831 num⁵.
612 1787 750 1844 »Ergo
768 1786 891 1829 aliam
912 1785 1140 1842 insufflavit
1161 1787 1219 1829 ibi
1239 1789 1547 1845 operationem,
1567 1789 1637 1833 hic
1659 1791 1784 1835 uliam

418 1859 669 1917 pollicetur:
690 1857 749 1899 ibi
765 1856 879 1899 enim
897 1857 1255 1900 remittendorum
1273 1859 1405 1916 gratia
1428 1860 1669 1903 tributa-est
1687 1875 1784 1918 pec-

417 1938 614 1974 catorum
630 1961 641 1979 ,
665 1929 783 1985 quod
809 1943 901 1971 esse
930 1928 1099 1971 videtur
1129 1930 1347 1988 angustius
1371 1945 1382 1972 z
1405 1939 1449 1973 et
1474 1931 1571 1975 ideo
1589 1921 1787 1975 —iususslass

419 2009 488 2043 tur
509 2015 533 2043 a
555 1998 724 2042 Christo
741 2031 752 2050 ,
787 2006 834 2041 ut
859 1999 1007 2041 credas
1033 1999 1240 2057 Spiritum
1275 2001 1459 2052 Christi,
1489 2003 1534 2046 et
1553 2005 1704 2047 credas
1731 2005 1784 2047 de

417 2071 508 2114 Deo
531 2069 737 2128 Spiritum
747 2085 761 2118 ς
796 2069 910 2112 Deus
936 2069 1051 2112 enim
1081 2071 1196 2113 solus
1221 2081 1396 2128 peccata
1422 2073 1612 2118 dimittit.
1645 2074 1783 2118 Lucas

420 2147 562 2182 autem
589 2138 831 2196 linguarum
863 2138 1043 2196 gratiam
1071 2140 1273 2186 describit
1293 2141 1485 2187 effusam.
1511 2144 1704 2202 Denique
1726 2145 1784 2201 ibi

420 2210 552 2253 habes
576 2225 586 2252 ε
610 2209 828 2267 «Accipite
858 2209 1065 2268 Spiritum
1084 2219 1280 2254 sanetum
1301 2227 1312 2254 ε
1331 2227 1514 2270 quorum
1537 2215 1783 2260 remiseritis

419 2287 647 2339 »peccata,
674 2278 847 2322 remissa
867 2279 1068 2336 eruntffii
1090 2281 1146 2324 At
1170 2297 1270 2324 vero
1292 2282 1336 2325 in
1357 2283 1536 2328 Actibus
1558 2286 1782 2344 Apostolo-
1830 2331 1835 2334 .

419 2365 516 2394 rum
541 2350 601 2394 sic
622 2349 754 2393 habes
772 2364 783 2392 ε
800 2350 876 2393 «Et
902 2351 1052 2409 repleti
1074 2360 1172 2395 sunt
1193 2368 1341 2396 omnes
1363 2355 1524 2413 Spiritu
1545 2356 1714 2408 ceneto.
1737 2368 1782 2403 et

419 2441 436 2463 ι
449 2429 672 2481 coeperunt
689 2420 807 2477 loqui
828 2421 951 2464 variis
972 2421 1147 2479 linguis,
1166 2426 1385 2480 quomodo
1407 2425 1588 2485 Spiritus
1609 2438 1779 2477 sauctus

421 2491 580 2535 »dabat
602 2490 746 2548 eloqui
762 2490 883 2534 illis⁷.
898 2509 915 2532 ι

465 2594 575 2626 =.1,ue
602 2604 689 2630 xuv.
710 2594 975 2640 37.—¹1bd.
999 2596 1054 2635 4⁵·
1079 2615 1120 2622 -
1150 2598 1278 2632 ³Jonn
1297 2610 1348 2636 xx.
1365 2613 1418 2634 n.
1441 2603 1609 2637 -⁴1zuc.
1625 2605 1711 2644 xx'tv',
1723 2594 1781 2651 ⁴9·

417 2647 897 2694 ...⁵1Cor.xu,8,e1s.eqq
916 2650 1101 2685 —⁶Joan.
1126 2663 1181 2692 xx,
1201 2654 1265 2687 αὖ.
1274 2659 1438 2692 -’Λοι.
1455 2657 1545 2698 ιι,.4
1589 2657 1658 2679 '²¹
