1800 3268
392 360 406 389 1
416 345 473 397 64
935 351 967 379 ε.
1008 347 1203 379 suenoni

386 444 582 480 naturam
605 427 795 472 initiavit.
826 426 935 470 Huic
959 427 1211 485 desponsata
1233 422 1488 482 corruptelis
1511 421 1650 467 carnis
1670 419 1749 466 nb-

385 505 562 550 solvitur
585 516 596 544 :
615 515 700 544 non
719 498 827 542 filios
841 499 1041 541 mortales
1060 496 1261 554 requirit.
1287 511 1374 538 non
1395 495 1492 538 Evae
1514 496 1751 538 delectatur

387 573 624 620 doloribus,
645 585 730 613 non
750 569 888 612 virum
912 568 1143 612 obnoxium
1169 567 1328 624 culpae,
1350 580 1436 620 non
1462 564 1752 608 haereditatem

388 641 660 690 condemnati
676 640 805 699 patris
823 639 1012 697 requirit.
1036 637 1275 681 Viditenim
1289 637 1429 680 carnis
1445 638 1605 686 ulcera,
1623 649 1752 694 quam

387 723 510 758 antea
542 711 874 769 concupiscebat
909 725 919 752 :
953 708 1134 752 advertit
1158 723 1242 751 non
1275 723 1367 751 esse
1389 707 1752 766 pulchritudinem

385 799 553 834 veram,
578 797 672 840 quae
694 781 894 824 vitiorum
927 780 1080 823 habeat
1102 777 1430 822 deformitatem.
1454 778 1508 822 Et
1531 778 1627 821 ideo
1651 776 1756 835 quid

387 856 465 899 tibi
500 868 599 897 cum
634 852 707 895 tali
729 865 905 910 sponso,
930 849 1133 893 soemina?
1160 849 1346 906 Require
1376 848 1617 906 diligenter,
1641 855 1685 891 et
1711 846 1755 890 iu

389 924 506 969 omni
526 938 707 982 corpore
730 921 918 965 invenies
940 920 1202 963 cicatricem.
1230 918 1452 977 Cognosce
1474 918 1603 961 alium
1623 917 1756 976 magis

386 1009 588 1053 sponsum
605 1027 616 1044 ‚
639 993 713 1051 qui
732 992 1028 1035 circumdatur
1042 991 1162 1040 luce,
1183 988 1308 1046 cujus
1323 987 1487 1047 species
1510 1002 1595 1031 non
1619 995 1759 1046 potest

386 1064 573 1108 interire.
595 1063 719 1106 Hunc
741 1062 842 1104 tolle
862 1061 904 1104 in
924 1059 1066 1103 animo
1084 1067 1176 1110 tuo,
1197 1073 1401 1102 consecra
1424 1059 1465 1101 in
1483 1059 1647 1116 templo
1662 1066 1756 1106 tuo,

388 1136 491 1178 tolle
508 1135 550 1177 in
569 1148 750 1191 corpore
765 1141 839 1176 tuo
851 1148 862 1181 ;
882 1132 992 1175 sicut
1009 1131 1217 1190 scriptum
1230 1128 1294 1174 est
1309 1145 1319 1172 :
1335 1129 1514 1174 «Tollite
1526 1128 1760 1172 Dominum

389 1205 464 1248 »in
485 1219 664 1262 corpore
675 1202 854 1247 vesu-0¹.
871 1202 1036 1259 »Hujus
1056 1203 1267 1245 thalamos
1282 1201 1504 1259 ingredere
1516 1213 1672 1248 novos,
1686 1198 1761 1242 bu·

389 1276 458 1335 jus
480 1283 670 1335 spectato
687 1274 960 1333 peregrinum
978 1274 1176 1316 decorem
1194 1306 1206 1323 ,
1223 1272 1340 1316 hunc
1358 1272 1505 1320 indue,
1522 1269 1641 1313 hunc
1666 1268 1762 1312 vide

391 1348 447 1391 ad
469 1349 687 1390 dexteram
711 1346 862 1395 Patris,
882 1354 926 1388 ct
945 1346 1083 1404 gaude
1104 1344 1204 1403 quia
1226 1346 1352 1388 talem
1374 1343 1507 1387 habes
1526 1355 1727 1401 sponsum
1747 1355 1758 1383 ε

391 1416 462 1460 hic
481 1426 522 1460 te
543 1415 693 1460 vestiet
708 1416 1054 1459 benedictionem
1068 1449 1078 1467 ‚
1103 1431 1157 1458 ne
1180 1430 1263 1473 qua
1285 1422 1437 1458 noceat
1454 1413 1636 1457 scissura
1659 1426 1762 1471 pec·-

394 1486 491 1530 cati.

451 1555 591 1599 XXV.
627 1555 853 1599 Servemus
878 1556 1006 1614 igitur
1026 1565 1187 1599 vestem
1205 1589 1216 1605 ,
1239 1572 1367 1614 quam
1384 1571 1462 1599 nos
1483 1569 1607 1599 sacro
1621 1553 1764 1598 Domi·

393 1642 475 1670 nus
507 1634 771 1684 emergentes
803 1626 921 1669 sonte
953 1627 1132 1669 vestivit.
1163 1627 1258 1669 Cito
1295 1627 1507 1669 scinditur
1537 1625 1691 1674 vestis,
1730 1624 1764 1666 si

391 1696 501 1739 facta
519 1710 603 1738 non
625 1705 864 1753 congruant
884 1711 894 1739 ι
915 1696 1000 1739 cito
1021 1696 1144 1739 tineis
1166 1697 1305 1739 carnis
1333 1696 1531 1740 atteritur
1546 1728 1561 1744 ,
1584 1703 1629 1738 et
1652 1702 1765 1737 vete-

394 1767 453 1809 ris
479 1765 661 1808 hominis
687 1781 833 1809 errore
857 1767 1134 1810 maculatur&
1167 1767 1277 1825 Ergo
1308 1767 1377 1810 hic
1405 1782 1515 1810 nova
1545 1765 1766 1808 veteribus

397 1837 598 1894 copulare
626 1851 637 1878 ε
661 1836 704 1878 in
726 1836 931 1895 Apostolo
956 1845 1100 1880 autem
1131 1838 1259 1880 etiam
1291 1837 1409 1880 novis
1445 1845 1588 1880 vetera
1616 1850 1766 1894 super-

396 1907 550 1950 vestire
571 1906 880 1964 prohibemur,
913 1909 987 1950 sed
1016 1923 1172 1951 exuere
1202 1916 1346 1957 vetus,
1379 1922 1539 1950 novum
1572 1919 1764 1962 sumer03

397 1985 446 2020 ut
467 1975 689 2035 expoliati.
708 1991 795 2020 non
817 1977 919 2020 nudi
943 1978 1222 2021 inveniamur.
1248 1978 1526 2036 Expoliamur
1541 1977 1656 2021 enim
1674 1991 1768 2020 me·

394 2047 501 2091 liora
522 2047 734 2105 sumpturi
755 2062 765 2090 ε
787 2047 1002 2091 nudamur
1023 2057 1166 2091 autem
1186 2057 1286 2091 'cum
1311 2048 1615 2091 indumentum
1644 2047 1767 2090 nobis

398 2118 532 2161 aliena
553 2117 705 2161 fraude
729 2119 984 2168 detrahitur,
1008 2133 1094 2162 non
1119 2127 1262 2162 nostra
1280 2119 1498 2161 voluntate
1519 2117 1762 2177 deponitur.

469 2187 549 2230 «Et
571 2203 699 2231 nemo
727 2188 858 2231 mittit
883 2189 1028 2231 vinum
1061 2203 1219 2231 novum
1252 2188 1295 2231 iu
1326 2196 1441 2231 utres
1463 2186 1702 2231 ναίει-ω’.»

459 2257 618 2302 XXVI.
657 2258 878 2318 Fragilitas
909 2259 1105 2302 humanae
1136 2259 1393 2302 conditionis
1426 2258 1639 2317 aperitur.
1668 2271 1769 2301 cum

401 2343 580 2387 corpora
599 2337 741 2372 nostra
766 2329 926 2372 exuviis
940 2329 1242 2373 defunctorum
1257 2330 1504 2373 animalium
1523 2342 1771 2387 comparau-

402 2408 486 2442 tur.
522 2398 663 2456 Atque
694 2399 855 2443 utinam
879 2401 1091 2444 bonorum
1114 2400 1274 2443 utrium
1298 2416 1421 2444 usum
1450 2399 1661 2460 possimus
1688 2399 1772 2442 im-

361 2495 365 2497 -
398 2469 542 2527 plere;
561 2478 609 2512 ut
630 2479 946 2514 sacramentum
966 2471 1080 2529 quod
1099 2471 1342 2528 accepimus
1356 2504 1367 2520 ,
1387 2485 1666 2514 reservemus.
1687 2467 1771 2513 Le-

399 2546 472 2581 vat
513 2538 712 2596 injuriam
752 2540 957 2585 industria
971 2573 983 2590 ‚
1017 2541 1050 2584 si
1086 2542 1297 2585 renovatis
1331 2541 1501 2584 utribus
1529 2554 1638 2583 nov·
1674 2538 1772 2582 vina

401 2610 649 2654 credantur.
684 2610 738 2655 Et
761 2612 858 2656 ideo
881 2622 997 2656 utres
1024 2612 1103 2656 hos
1130 2614 1278 2671 plenos
1306 2627 1475 2657 servare
1501 2624 1669 2671 semper
1694 2610 1771 2655 de-

444 2710 453 2725 ¹
474 2709 488 2733 ι
503 2698 585 2737 Cor.
599 2712 647 2743 vx,
668 2713 720 2741 ao.
737 2722 777 2730 —
791 2712 805 2729 ·
824 2717 839 2738 2
857 2705 940 2743 Cor.
955 2716 990 2749 v,
1007 2705 1076 2744 2-4.
1093 2722 1135 2732 -
1149 2706 1164 2732 ⁸
1182 2705 1260 2740 Luc.
1276 2715 1311 2746 v,
1327 2705 1385 2749 37.
