1846 3262
361 235 451 300 '278
914 251 949 281 ο.
988 251 1184 282 aunnosu

364 329 462 381 hus,
487 336 563 373 aut
579 328 770 373 auricula
785 343 834 372 se
847 343 1005 387 negare
1021 344 1113 373 esse
1129 330 1184 373 de
1205 343 1416 387 corporea
1435 343 1536 373 nam
1553 328 1634 373 etsi
1648 329 1729 375 alin

367 400 621 460 principalia
638 431 653 451 ,
680 407 826 444 tamen
856 399 936 444 alia
965 399 1218 445 necessaria.
1250 398 1464 459 Sapientia
1490 398 1535 443 in
1567 399 1731 459 capito.

366 480 486 515 actus
502 470 546 514 in
563 469 761 514 manibus
780 483 793 516 ε
815 487 834 512 ι
850 469 979 515 Oculi
999 470 1113 515 euim
1133 470 1334 530 sapientis
1349 469 1393 514 in
1414 468 1553 530 capite
1566 468 1684 529 ejus⁸
1702 485 1724 512 s

371 541 470 601 quia
492 542 566 585 ille
584 556 686 586 vere
705 541 837 601 sapit,
859 541 984 601 cujus
1003 542 1168 587 animus
1185 542 1228 586 iu
1254 541 1423 586 Christo
1442 550 1534 593 est,
1552 539 1735 599 etenim

368 613 550 657 interior
575 614 727 658 oculus
753 611 934 671 erigitur
957 613 1012 657 ad
1035 627 1235 672 superna.
1258 612 1312 656 Et
1335 612 1432 656 ideo
1451 627 1464 658 ε
1486 604 1733 672 «Sapientis

366 701 386 724 ι
399 684 514 728 oculi
530 683 725 743 incapite
742 683 875 743 ipsius
893 698 906 727 ε
923 702 942 724 ι
961 684 1080 728 stulti
1103 691 1244 728 autem
1268 683 1312 727 in
1333 685 1552 728 calcaneo.

443 772 460 795 ι
478 755 585 809 Quis
606 763 796 800 vestrum
826 755 992 800 habens
1019 755 1230 806 amicum,
1256 755 1333 798 ibit
1364 757 1418 799 ad
1449 755 1571 799 illum
1598 752 1740 798 media

371 833 529 870 »nocte
541 857 553 876 ‚
571 834 614 870 et
630 825 734 870 dicit
748 825 836 870 ini:
853 825 1025 877 Amice,
1047 826 1274 871 commoda
1295 825 1402 870 mihi
1422 834 1508 871 tre·
1520 823 1695 886 panes&
1711 839 1731 865 ι

432 895 694 943 LXXXVII.
731 896 851 942 Alius
873 896 1075 956 praecepti
1096 898 1220 941 locus
1241 905 1331 949 est,
1351 906 1400 942 ut
1423 896 1747 945 omnibus-mo*

369 968 527 1012 mentis
550 983 638 1012 non
659 969 801 1012 solum
821 968 997 1019 diebus.
1011 969 1087 1012 sed
1107 968 1237 1012 etiam
1255 968 1455 1012 noctibus
1475 966 1614 1019 ontio
1633 964 1746 1011 defe-

370 1047 503 1083 ratur.
538 1037 671 1084 Vides
695 1038 812 1099 enim
835 1039 952 1098 quod
975 1038 1055 1083 iste
1087 1039 1161 1097 qui
1199 1039 1340 1083 media
1375 1046 1503 1083 necte
1534 1036 1746 1097 perrexit,

372 1117 459 1152 tres
477 1124 610 1168 panes
636 1109 690 1152 ab
709 1108 851 1154 amico
878 1124 956 1153 suo
979 1110 1226 1168 postulans,
1253 1109 1358 1165 etin
1380 1109 1470 1167 ipsa
1489 1107 1665 1168 petendi
1680 1107 1749 1150 im·

378 1179 571 1224 tentione
590 1179 846 1239 persistens,
875 1195 962 1224 non
988 1179 1271 1224 defraudetur
1291 1179 1436 1224 oratis.
1461 1178 1548 1233 Qui
1562 1180 1664 1223 suut
1685 1177 1753 1221 isti

378 1260 466 1296 tres
481 1266 613 1311 panes
626 1283 639 1301 .
657 1251 738 1294 nisi
760 1251 952 1311 mysterii
970 1252 1155 1295 coelestis
1171 1250 1455 1294 alimentum?
1478 1251 1610 1304 Quod
1631 1249 1665 1293 si
1680 1249 1756 1292 di*

384 1322 490 1381 ligas
515 1322 748 1367 Dominum
774 1323 914 1366 Deum
942 1331 1088 1373 tuum,
1116 1338 1204 1366 non
1234 1324 1373 1366 solum
1394 1321 1500 1373 tibi,
1531 1323 1608 1366 ned
1626 1318 1756 1365 utiam

387 1392 481 1436 aliis
509 1394 670 1453 poteris
700 1394 896 1447 emereri.
924 1393 1032 1447 Quis
1063 1402 1206 1437 autem
1241 1394 1420 1437 amicior
1445 1392 1760 1451 numnquam

386 1464 460 1523 qui
480 1479 559 1524 pro
581 1464 708 1509 nobis
729 1479 885 1524 corpus
907 1481 1033 1508 suum
1052 1464 1258 1508 tradidit?
1278 1464 1345 1509 Ab
1362 1465 1448 1508 hoc
1468 1463 1611 1508 medin
1632 1466 1761 1508 nocto

382 1549 514 1599 panes
536 1536 674 1579 David
694 1536 846 1594 petiit,
871 1544 914 1579 et
936 1536 1133 1595 accepit;
1153 1535 1275 1595 petiit
1307 1536 1421 1578 enim
1445 1537 1619 1594 quando
1640 1535 1763 1579 dicon

391 1607 495 1651 bat:
524 1623 542 1646 ι
568 1606 707 1650 Media
740 1615 867 1651 nocte
898 1608 1126 1666 surgebam
1157 1608 1211 1651 ad
1243 1605 1539 1653 confitendum
1573 1604 1681 1650 tibi·

392 1669 491 1720 ideo
508 1677 669 1721 meruit
695 1677 772 1722 hos
798 1693 928 1737 panes
953 1693 1059 1736 quos
1082 1677 1277 1737 apposuit
1304 1676 1428 1720 nobis
1454 1677 1658 1734 edendos.
1684 1669 1767 1722 Pe-

393 1747 461 1792 tiit
498 1762 602 1793 cum
643 1746 788 1792 dicit·
823 1766 841 1790 ‹
872 1749 1043 1793 Lavabo
1078 1764 1156 1807 per
1193 1748 1379 1807 singulas
1414 1755 1565 1792 noctus
1604 1750 1767 1794 lecton

397 1837 415 1861 ι
428 1818 604 1863 1111111111ι
618 1835 631 1870 3
650 1837 668 1861 ι
688 1835 831 1878 neque
853 1819 967 1863 enim
989 1818 1129 1863 timuit
1150 1834 1206 1862 ne
1226 1818 1434 1861 excitaret
1453 1819 1768 1871 dormientemfl

399 1900 528 1948 quem
550 1889 632 1933 scit
650 1906 821 1949 semper
839 1891 1095 1950 vigilantem.

458 1959 740 2006 LXXXVIII.
776 1961 831 2005 Et
851 1961 948 2004 ideo
970 1962 1230 2020 scriptorum
1247 1976 1459 2005 memores
1473 1994 1487 2012 ,
1505 1961 1708 2006 noctibus
1725 1968 1774 2006 ac

397 2032 550 2076 diebus
573 2032 755 2076 orationi
787 2032 1020 2083 instantes,
1046 2033 1233 2092 peccatis
1254 2033 1410 2077 nostris
1431 2034 1601 2077 veniam
1621 2041 1774 2093 postu·-

400 2104 557 2149 lemus.
583 2104 692 2149 Nam
713 2103 748 2166 si
776 2104 846 2149 ille
874 2114 963 2149 tam
986 2114 1184 2156 sanctus,
1206 2114 1250 2148 et
1271 2107 1344 2164 qui
1369 2106 1491 2164 regui
1511 2111 1604 2149 erat
1623 2114 1779 2150 noces·-

395 2176 592 2220 sitatibus
617 2186 879 2236 occupatus,
905 2178 1060 2235 septies
1090 2177 1133 2220 in
1155 2178 1222 2219 dio
1250 2178 1421 2221 laudem
1445 2178 1632 2221 Domino
1654 2178 1778 2222 dice·

397 2245 491 2298 bat,
514 2247 735 2291 matutinis
758 2256 802 2291 et
826 2248 1077 2307 vespertinis
1094 2247 1314 2291 sacrificiis
1335 2263 1506 2307 semper
1526 2248 1742 2293 intentus⁸
1759 2261 1774 2291 τ

399 2318 506 2378 quid
526 2333 605 2362 nos
626 2317 768 2364 faeere
788 2327 984 2379 oportet,
1009 2320 1081 2378 qui
1099 2335 1152 2363 eo
1179 2321 1360 2379 amplius
1383 2336 1532 2380 rogare
1552 2321 1777 2376 debemus,

399 2403 487 2448 quo
511 2389 780 2449 frequentius
798 2392 938 2435 carnis
960 2406 1010 2436 ac
1035 2391 1188 2435 mentis
1209 2391 1436 2449 fragilitate
1463 2383 1776 2451 delinquimus}

404 2466 453 2504 ut
468 2460 522 2503 de
536 2461 602 2504 via
617 2462 760 2514 lassis,
777 2471 823 2508 et
838 2463 959 2507 istius
974 2461 1052 2507 aevi
1069 2477 1221 2511 cursu,
1241 2475 1291 2505 ac
1309 2462 1404 2506 vitm
1429 2461 1560 2521 hujus
1583 2460 1781 2505 anfi-aeth

453 2564 612 2600 ¹³1³.oeoe
601 2567 809 2605 11,14.-
830 2569 974 2606 [sumn.
991 2568 1026 2601 5.
1049 2564 1221 2601 -2Psal
1239 2577 1355 2605 enm.
1372 2564 1715 2610 61.-41ᾶ.ν1,γ.
1731 2581 1776 2591 —

402 2618 419 2644 ⁸
436 2617 493 2654 ld.
507 2629 628 2661 cuin,
656 2620 732 2660 164.
