1846 3262
394 298 476 327 220
941 301 979 330 8.
1015 300 1209 330 Aunnosu

391 377 546 435 quibus
575 378 695 421 oneri
723 377 839 422 videt
863 393 956 422 esse
978 379 1243 438 praesentiam
1267 394 1386 424 suam
1402 412 1414 430 ,
1446 379 1557 424 sicut
1583 378 1758 424 Gerase-

391 462 546 491 norum
577 448 766 507 populis‚
797 449 871 507 qui
902 458 1105 493 exeuntes
1135 452 1186 494 de
1217 450 1387 513 civitate
1417 452 1460 496 in
1484 467 1567 510 qua
1595 451 1758 509 species

392 516 625 576 Synagogae
648 519 817 562 videtur
837 519 1016 563 existere
1033 551 1045 569 ,
1067 521 1275 578 rogabant
1296 530 1345 565 ut
1366 522 1631 566 discederetz

461 605 477 627 «ι
497 589 608 641 Quia
634 589 788 633 timore
810 605 964 648 magno
986 591 1243 634 tenebantur
1260 591 1293 636 ¹.
1317 610 1336 632 ι
1623 648 1627 650 -

450 659 517 703 LI.
554 659 727 704 Infirma
749 661 864 704 enim
882 677 1002 705 mens
1018 677 1104 705 non
1125 662 1240 720 capit
1259 662 1339 706 Dei
1359 663 1563 713 verbum,
1583 676 1665 706 nec
1685 676 1761 722 po-

392 735 473 773 test
490 731 657 788 pondus
676 731 885 775 sustinere
901 732 1116 791 sapientiae
1136 748 1146 775 :
1172 732 1329 776 fatiscit
1342 765 1354 783 ,
1379 741 1423 789 et
1443 733 1634 777 solvitur.

451 801 538 845 LII.
575 803 627 846 Et
648 803 746 846 ideo
763 803 921 847 diutius
941 805 1146 849 molestus
1168 819 1255 847 non
1277 804 1357 848 suit
1376 820 1388 848 ε
1412 806 1487 849 sed
1508 823 1524 845 ι
1539 805 1760 857 Ascendit,

395 888 412 910 υ
426 878 468 914 et
487 886 679 930 egressus
701 873 787 917 est²
811 889 822 915 ε
843 892 859 914 »
883 874 1075 918 ascendit
1091 874 1237 932 utique
1254 875 1308 917 ab
1328 874 1600 920 inferioribus
1623 878 1677 922 ad
1695 893 1764 921 su·

393 941 578 998 periora,
594 957 615 985 a
630 943 852 1002 Synagoga
875 944 1038 987 scilicet
1061 945 1115 988 ad
1133 944 1384 988 Ecclesiam.
1403 962 1420 985 ι
1434 945 1665 1005 Regressus
1686 963 1765 1007 per

397 1019 622 1070 »stagnum
639 1021 724 1063 est,
746 1032 762 1054 »
783 1022 831 1057 ut
856 1013 926 1058 hic
951 1014 1008 1058 ait
1027 1029 1038 1058 :
1063 1023 1137 1058 aut
1163 1015 1275 1058 sicut
1294 1015 1517 1059 Matthaeus
1540 1034 1558 1056 ι
1573 1017 1654 1061 Per
1677 1017 1765 1062 sre-

397 1098 413 1120 »
427 1080 571 1132 tum³;
592 1101 607 1123 n
631 1083 742 1126 inter
762 1099 838 1127 nos
857 1084 973 1128 enim
993 1094 1036 1128 et
1057 1085 1150 1128 illos
1175 1085 1333 1128 fretum
1357 1100 1560 1144 magnum
1576 1095 1654 1131 est.
1686 1087 1766 1130 lta-

396 1166 480 1208 que
500 1167 626 1196 nemo
655 1154 709 1197 de
733 1154 924 1198 Ecclesia
943 1156 998 1198 ad
1012 1155 1280 1214 Synagogam
1295 1156 1386 1198 sine
1405 1155 1598 1214 periculo
1613 1158 1766 1200 transit

396 1223 558 1266 salutis.
579 1225 664 1268 Sed
682 1233 725 1268 et
741 1225 810 1269 ille
833 1226 904 1283 qui
926 1228 979 1269 de
999 1226 1223 1285 Synagoga
1250 1226 1305 1269 ad
1326 1226 1562 1270 Ecclesiam
1585 1228 1766 1272 transire

399 1293 635 1346 desiderat,
652 1310 826 1339 crucem
852 1312 971 1339 suam
995 1298 1140 1346 tollat,
1169 1304 1218 1339 ut
1235 1296 1467 1340 discrimen
1486 1296 1654 1341 evadat.

459 1363 566 1408 LIII.
607 1365 695 1408 Cur
718 1375 861 1409 autem
882 1382 968 1409 non
997 1366 1203 1425 recipitur
1230 1366 1461 1418 liberatus,
1491 1368 1570 1411 sed
1589 1368 1766 1411 domum

399 1435 540 1478 redire
562 1445 787 1487 censetur;
813 1437 892 1480 nisi
915 1445 963 1480 ut
984 1445 1026 1480 et
1052 1436 1265 1494 jactantiae
1289 1451 1416 1480 causa
1435 1437 1607 1487 vitetur,
1639 1445 1682 1480 et
1701 1437 1769 1481 in-

400 1503 599 1549 fidelibus
633 1506 686 1550 sit
715 1510 936 1567 exemplo,
967 1508 1168 1566 quoniam
1202 1508 1354 1551 domus
1386 1508 1457 1552 illa
1489 1508 1685 1552 naturale
1715 1508 1771 1552 sit

403 1574 681 1619 diversorium
695 1594 707 1627 ς
740 1586 784 1620 et
814 1578 909 1621 ideo
942 1579 1015 1636 qui
1037 1577 1276 1622 remedium
1301 1578 1494 1622 sanitatis
1513 1578 1654 1622 fuerat
1669 1593 1771 1622 con-

401 1655 588 1699 secutus,
609 1662 631 1689 a
652 1648 825 1691 tumulis
845 1657 888 1691 et
908 1649 1113 1707 sepulcris
1137 1649 1179 1691 in
1201 1649 1318 1692 illam
1338 1648 1572 1707 spiritalem
1590 1649 1769 1692 domum

402 1716 542 1758 redire
561 1718 833 1776 praecipitum
857 1728 904 1763 ut
925 1718 998 1762 fiat
1020 1719 1097 1762 Dei
1120 1720 1354 1778 templum;
1373 1718 1416 1762 in
1439 1734 1527 1778 quo
1542 1728 1635 1764 erat
1653 1735 1771 1764 mon·

402 1785 454 1829 tis
477 1789 735 1845 sepulcrum.
1476 1790 1486 1797 ’

475 1875 490 1896 α
506 1859 559 1901 Et
580 1875 681 1903 ecce
705 1861 820 1903 venit
843 1861 906 1903 vir
930 1861 999 1903 cui
1021 1876 1180 1904 nomen
1204 1860 1370 1911 Ja'irus,
1396 1868 1440 1904 et
1461 1860 1550 1919 ipse
1569 1860 1771 1920 prInceps

405 1928 669 1989 »Synagogae
691 1939 782 1974 orat
800 1946 810 1973 :
841 1939 884 1975 et
903 1932 1060 1975 cecidit
1081 1940 1180 1975 ante
1201 1933 1330 1989 pedes
1351 1931 1479 1982 Jesu,
1501 1946 1655 1991 rogans
1670 1945 1772 1975 eum

405 2012 484 2046 »ut
510 2003 690 2046 intraret
717 2003 894 2046 domum
921 2018 1066 2053 suam3
1100 2003 1197 2061 quia
1227 2002 1314 2045 filia
1340 2002 1467 2045 unica
1488 2010 1579 2046 erat
1603 2002 1664 2046 illi
1679 2002 1772 2046 -l'ere

405 2092 422 2115 a»
436 2088 645 2117 annorum
673 2073 901 2117 duodecim
918 2106 931 2124 ‚
953 2082 997 2116 et
1021 2072 1113 2116 haec
1130 2072 1434 2116 moriebatur-⁴.
1456 2089 1474 2112 ι

467 2144 571 2188 LIV.
608 2144 853 2201 Reliquerat
877 2144 920 2186 in
940 2143 1165 2186 Gerasenis
1184 2142 1452 2201 Synagogam
1482 2140 1702 2191 Christus,
1724 2149 1774 2185 ut

405 2215 588 2258 diximus
609 2232 619 2257 ε
641 2223 685 2258 et
705 2229 832 2272 quem
854 2214 918 2257 sui
944 2229 1031 2257 non
1054 2222 1331 2273 receperant,
1354 2212 1599 2271 excepimus
1628 2211 1771 2261 alieni,

405 2287 651 2346 excepimus
673 2301 800 2344 quem
823 2284 1166 2343 expectabamus.
1190 2286 1277 2326 Nec
1297 2283 1420 2326 nobis
1436 2282 1565 2340 igitur
1581 2297 1604 2325 a
1618 2281 1773 2340 quibus

406 2358 725 2417 expectabatur,
745 2356 816 2399 diu
834 2354 967 2398 defuit
981 2370 991 2397 :
1004 2369 1083 2397 nec
1095 2353 1267 2404 adillos,
1287 2354 1322 2397 si
1338 2362 1528 2412 rogetur,
1541 2352 1681 2396 redire
1699 2352 1776 2395 sas-

407 2429 517 2473 tidit.
539 2428 614 2472 Vir
630 2428 747 2471 enim
760 2427 838 2470 iste
850 2426 1048 2486 princeps
1060 2425 1309 2484 Synagogae‚
1324 2425 1394 2468 cui
1412 2424 1499 2468 filia
1515 2431 1611 2468 erat
1629 2422 1771 2472 unica.

405 2515 484 2559 pro
515 2498 746 2558 Synagogae
778 2497 994 2557 pereuntis
1023 2497 1213 2540 remedio
1240 2496 1512 2555 precabatur,
1536 2508 1630 2553 quae
1655 2507 1777 2552 urge-

406 2571 533 2617 batur
554 2570 598 2613 in
619 2577 823 2618 mortem;
841 2567 940 2626 quia
956 2567 1231 2611 deserebatur
1245 2581 1269 2610 a
1287 2566 1470 2610 Christo.
1488 2565 1630 2619 Quom
1648 2571 1752 2624 puta
1767 2590 1777 2596 -

453 2669 464 2688 ⁸
483 2661 565 2713 pue.
581 2670 658 2703 νιμ.
670 2660 725 2706 37.
739 2674 782 2692 -a
796 2669 810 2686 ⁰
828 2659 914 2707 lbid.
931 2676 974 2692 -ψ
987 2660 1004 2688 ³
1017 2658 1139 2702 Metth.
1154 2669 1202 2701 ιι,
1224 2669 1253 2695 ι.
1267 2675 1309 2686 -
1323 2660 1340 2691 4
1353 2658 1431 2694 buc.
1451 2666 1529 2699 rm,
1546 2655 1604 2705 ξι.
1615 2654 1673 2706 ⁴²³
