1800 3268
381 227 393 257 ι
411 227 458 257 ιο
922 222 953 250 ε.
994 221 1187 250 Aunnosn

374 326 389 346 n
404 303 606 363 injustitia
625 315 740 351 mea,
758 308 801 344 ει
818 314 840 343 a
863 300 1018 343 delicto
1047 314 1141 342 meo
1158 298 1318 342 munda
1341 298 1454 351 me',
1474 318 1492 342 ι
1517 300 1560 346 Si
1582 301 1733 361 iniqui·

370 386 499 420 tatem
529 388 646 418 suam
676 372 752 415 Dei
777 371 937 414 amicus
968 370 1182 429 agnoscit,
1212 380 1256 414 et
1276 372 1439 415 meritis
1459 373 1548 416 suis
1563 374 1733 418 obstare

371 447 603 489 delictum:
628 443 661 485 si
679 442 864 499 denique
887 442 978 485 Deo
1001 456 1045 483 se
1075 455 1276 499 peccasse
1297 440 1552 491 confitetur:
1578 457 1658 487 cur
1683 451 1733 487 tu

371 518 423 559 de
463 514 727 558 confessione
762 512 952 555 criminis
982 512 1234 562 erubescas,
1265 527 1364 555 cum
1401 513 1590 557 criminis
1624 526 1736 558 com·

370 594 562 629 mentum
579 618 591 635 ,
610 597 697 627 non
719 582 929 626 consessio
948 582 1001 625 sit
1018 582 1206 640 pudori?

429 653 638 700 XXXIX.
686 653 798 711 Ergo
833 667 931 695 cum
969 652 1105 695 David
1141 652 1353 696 Bersabee
1392 653 1611 698 historiam
1647 662 1733 698 non

369 723 687 785 praetermiserit
718 724 760 767 in
785 723 870 766 suis
894 722 1071 766 Psalmis
1082 739 1094 772 ς
1130 731 1179 766 ut
1206 722 1322 765 in-ea
1353 724 1420 767 vel
1454 724 1731 782 mysterium,

359 798 435 846 ,vel
466 805 608 840 actum
641 794 840 854 perfectae
863 793 1122 852 poenitentiae
1143 808 1220 836 nos
1238 791 1734 852 docerenjurevidemus

368 868 496 911 etiam
532 867 576 909 in
612 864 958 924 generationibus
993 864 1230 908 Dominicis
1261 878 1347 908 non
1381 865 1732 924 praetermissumg

369 939 468 997 quia
493 946 536 981 et
557 938 646 995 ipse
666 936 800 979 David
820 935 893 992 qui
914 949 1008 977 eam
1033 935 1199 994 accepit
1218 934 1260 978 in
1283 950 1459 981 uxorem
1481 935 1585 985 sibi,
1601 950 1734 995 gene·

366 1009 541 1052 rationis
560 1006 794 1050 Dominicoe
809 1006 1046 1048 secundum
1071 1020 1242 1048 carnem
1260 1016 1495 1066 prmessor
1512 1006 1726 1050 asseritur.

367 1079 499 1139 Cujus
521 1078 725 1138 speciale,
745 1084 793 1119 ut
816 1075 1021 1126 diximus,
1047 1076 1271 1126 meritum3
1294 1085 1342 1120 ut
1361 1071 1560 1121 Ecclesiae
1581 1072 1625 1120 in
1647 1077 1733 1122 hoc

366 1150 570 1209 mysterio
593 1148 755 1191 videret
775 1154 986 1195 exortum,
1010 1155 1054 1189 et
1071 1147 1283 1205 acciperet
1305 1149 1527 1191 oraculum
1548 1148 1734 1206 quod'ex

367 1236 444 1265 suo
469 1219 663 1263 Christus
684 1231 839 1276 genere
861 1226 1120 1260 nasceretur.
1153 1218 1348 1260 Alterum
1370 1218 1485 1261 enim
1512 1219 1566 1261 ad
1588 1217 1734 1266 Eccle-

368 1292 473 1334 siam
503 1289 714 1349 pertinet,
752 1288 868 1345 quod
907 1287 1051 1330 dixit:
1086 1304 1103 1326 «
1129 1288 1242 1331 Ecce
1279 1288 1520 1332 audivimus
1555 1302 1651 1331 eam
1687 1288 1732 1332 iu

366 1361 582 1421 »Ephrata
603 1375 613 1403 ι
638 1359 877 1402 invenimus
899 1372 994 1399 eam
1021 1357 1063 1400 in
1088 1358 1250 1416 campis
1283 1359 1411 1417 sylvae
1425 1357 1456 1402 ².
1485 1376 1504 1399 ι
1535 1358 1731 1403 Alterum

368 1431 610 1489 specialiter
637 1430 691 1472 ad
717 1427 932 1471 Dominici
960 1428 1151 1486 corporis
1175 1429 1469 1495 sponsionem,
1500 1430 1616 1487 quod
1641 1444 1732 1472 ora-

368 1503 466 1545 culo
496 1498 837 1542 manifestissimo
863 1498 1091 1547 revelatur,
1128 1512 1228 1541 cum
1262 1498 1448 1542 dicitur:
1473 1515 1490 1538 ι
1507 1499 1569 1542 Ex
1590 1499 1732 1543 fructu

367 1570 555 1614 »ventris
587 1569 647 1612 tui
682 1582 836 1625 ponam
866 1582 995 1625 super
1027 1568 1173 1624 sedem
1207 1579 1325 1611 tuam
1347 1567 1377 1612 ⁸.
1410 1586 1427 1609 ι
1456 1568 1552 1612 Noli
1585 1576 1732 1612 tamen

366 1649 484 1684 tanto
502 1638 717 1698 negligens
738 1652 830 1679 esse
855 1636 1090 1695 promisso;
1116 1653 1202 1680 non
1229 1639 1344 1681 enim
1371 1638 1462 1681 sine
1482 1637 1732 1683 definitione

366 1713 513 1754 datum
529 1717 608 1752 est.
636 1707 722 1751 Sed
743 1707 777 1750 si
799 1707 1051 1750 custodieris
1075 1716 1400 1759 testamentum,
1425 1706 1474 1752 εί
1490 1710 1732 1754 testimonia

367 1781 595 1825 servaveris
620 1778 816 1828 Domini,
850 1793 943 1836 quae
980 1779 1022 1821 in
1059 1779 1281 1839 Evangelio
1314 1795 1361 1823 se
1391 1781 1619 1840 pollicetur
1638 1779 1732 1826 esse

367 1853 583 1896 dicturum
596 1883 609 1900 ,
630 1850 706 1893 [ibi
722 1863 892 1907 quoque
909 1849 1030 1908 copia
1047 1850 1157 1893 sedis
1180 1851 1343 1908 patebit
1356 1859 1541 1896 aeternae.
1558 1852 1662 1897 flaec
1677 1852 1733 1897 do
1790 1841 1800 1905 ¹⁸*

366 1937 499 1965 uxore
523 1921 648 1964 Uriae,
1649 1919 1651 1922 ’

424 1991 514 2036 XL.
549 1991 613 2034 De
635 1990 784 2034 Achab
806 1999 949 2033 autem
970 1991 1072 2034 satis
1093 1991 1225 2034 claret
1245 2024 1256 2040 ‚
1270 1993 1339 2035 cui
1364 2008 1472 2037 uxor
1493 1992 1691 2036 Jezabel‘
1714 2008 1727 2037 ε

364 2068 407 2104 ει
425 2063 478 2104 de
500 2060 702 2104 Jechonia
721 2061 773 2103 do
788 2075 874 2118 quo
895 2061 995 2103 satis
1018 2062 1196 2104 idoneus
1215 2070 1365 2105 auctor
1384 2072 1449 2106 εει
1468 2063 1727 2115 Hieremias,
1785 2099 1787 2104 .

364 2132 538 2175 maximi
556 2147 676 2174 reum
697 2146 788 2174 esse
805 2131 948 2174 delicti
968 2149 979 2173 ε
1001 2132 1069 2175 cui
1093 2133 1222 2175 etiam
1244 2135 1360 2191 quod
1382 2135 1530 2178 habuit
1552 2150 1727 2187 nomen,

366 2202 533 2260 eripuit.
558 2202 612 2246 Et
636 2203 731 2246 ideo
750 2203 823 2260 qui
843 2203 1041 2248 Joachim
1066 2205 1107 2247 in
1134 2204 1379 2262 Regnorum
1407 2207 1525 2250 libris
1554 2208 1728 2260 dicitur-⁹

361 2273 590 2317 Jechonias
621 2274 672 2316 ab
698 2274 917 2318 Hieremia
937 2285 1001 2318 εει
1027 2276 1294 2326 nominatus,
1321 2277 1490 2321 dicente
1510 2293 1583 2328 eo,
1611 2297 1628 2319 ι
1645 2278 1729 2323 Ab·

365 2343 530 2402 »jectus
551 2352 615 2387 εει
629 2343 859 2388 Jechonias
883 2355 930 2388 ut
951 2361 1037 2395 vas,
1063 2362 1150 2389 non
1170 2356 1233 2390 est
1256 2363 1356 2390 usus
1377 2349 1419 2391 in
1449 2364 1528 2399 θος
1551 2359 1728 2409 propter

363 2415 508 2472 »quod
546 2413 764 2473 projectus
795 2424 859 2459 est
888 2416 1000 2475 ipse,
1036 2426 1080 2461 et
1103 2433 1249 2476 semen
1271 2419 1377 2476 ejus.
1414 2419 1565 2470 Terra,
1587 2428 1724 2471 terra,

407 2525 416 2541 ¹
443 2514 529 2549 Psoi.
551 2527 583 2553 ι..
610 2516 647 2557 4.
670 2533 714 2544 -
740 2525 756 2543 ·
781 2516 837 2562 1d2
861 2529 973 2562 eun,
985 2519 1017 2553 6.
1032 2537 1074 2546 —
1088 2520 1105 2546 ⁸
1122 2519 1211 2554 ibid.
1231 2531 1283 2557 ιι.
1301 2539 1343 2547 -—
1358 2523 1373 2552 4
1390 2521 1409 2553 3
1422 2521 1506 2567 Reg.
1527 2528 1596 2563 ιη,
1610 2522 1666 2557 δι.
1683 2538 1726 2549 -

366 2571 382 2595 ⁸
399 2569 422 2612 4
436 2569 520 2615 neg.
534 2580 628 2613 xxiv,
647 2582 679 2608 ι.
