1846 3262
418 297 500 346 ,42
966 300 999 330 s.
1038 297 1232 330 Amnosu

416 394 507 430 esse
537 378 813 440 persuaseris,
836 386 940 422 tunc
966 377 1125 421 indicio
1152 376 1245 434 ejus
1277 382 1438 419 astrues
1457 385 1536 433 per
1558 367 1775 416 Christum

415 451 540 496 nobis
557 451 735 494 salutem
758 449 923 498 datium
950 447 1156 506 incipiens
1177 446 1229 489 ab
1251 445 1332 489 iilis
1357 459 1450 504 quae
1466 442 1593 504 gessit
1614 442 1657 486 in
1680 454 1778 486 cor·-

415 537 539 582 pore,
567 528 610 565 et
633 535 683 564 ea
714 518 853 564 divina
875 518 1136 568 describens,
1161 525 1210 561 ut
1234 518 1328 576 plus
1352 531 1480 575 qnam
1501 515 1631 559 homo
1650 508 1779 558 fuisse

417 593 629 643 videatur,
650 591 807 635 victam
837 590 963 633 unius
992 589 1149 632 virtute
1176 595 1376 639 mortem,
1400 593 1705 643 mortuumque
1726 579 1779 626 ab

418 663 562 708 inseris
595 660 844 707 suscitatum
854 677 868 712 3
899 659 1105 720 paulatim
1134 659 1249 703 enim
1278 658 1384 702 fides
1411 655 1581 706 crescit,
1608 662 1658 700 ut
1681 663 1781 698 cum

417 750 544 794 snpra
567 733 764 778 homines
791 731 918 776 fuisse
949 731 1157 780 videatur,
1178 730 1293 773 Dens
1315 743 1407 772 esse
1432 727 1646 772 credatur.
1674 723 1783 769 Nam

419 805 500 851 nisi
529 803 780 864 probaveris
805 802 921 860 quod
947 801 1088 844 facere
1116 800 1186 844 illa
1215 799 1305 843 sine
1339 798 1480 844 divina
1510 797 1665 841 virtute
1697 804 1784 838 non

418 877 577 938 potuit,
603 874 964 934 quemadmodum
987 880 1107 931 potes
1127 872 1309 930 probare
1329 871 1372 919 in
1394 884 1446 914 eo
1472 869 1557 914 vim
1577 866 1706 912 fnisse
1725 862 1787 909 di·

416 945 589 991 vinam?
1483 977 1485 979 ,

480 1015 569 1060 CV.
606 1015 692 1059 Sed
715 1014 892 1058 sortasse
913 1013 1037 1056 nobis
1057 1027 1206 1072 parum
1229 1009 1494 1056 auctoritatis
1514 1019 1558 1055 et
1584 1006 1685 1054 fidei
1708 1009 1785 1053 de-

418 1087 580 1131 feratur
598 1100 609 1128 :
627 1087 719 1143 lege
738 1098 981 1128 sermonem
1003 1084 1195 1141 Apostoli
1219 1084 1330 1141 apud
1357 1080 1639 1126 Athenienses
1661 1079 1785 1124 habi-

421 1166 514 1201 tum
533 1157 604 1215 qui
623 1157 656 1199 si
678 1171 699 1199 a
724 1155 861 1214 primo
879 1156 1098 1197 destruere
1116 1155 1316 1197 voluisset
1341 1153 1615 1197 caeremonias
1646 1150 1786 1196 idolo-

419 1242 542 1280 rum,
564 1241 806 1272 sermonem
827 1226 921 1284 ejus
937 1240 1059 1268 aures
1075 1225 1297 1284 gentilium
1317 1225 1590 1285 respuissent.
1610 1223 1677 1268 Ab
1698 1237 1786 1267 uno

421 1299 552 1359 igitur
584 1299 673 1343 Deo
702 1305 928 1356 operatore
960 1297 1110 1339 mundi
1142 1296 1293 1354 incipit
1323 1297 1500 1341 dicens:
1528 1315 1545 1335 α
1568 1294 1684 1340 Deus
1713 1293 1787 1355 qui
1845 1300 1846 1310 ¹

419 1370 551 1414 §fecit
567 1369 777 1413 mundum
795 1400 807 1419 ,
827 1377 870 1412 et
892 1376 1046 1412 cuncta
1064 1381 1157 1425 quae
1181 1366 1337 1411 suntin
1359 1366 1452 1411 eo'.
1482 1385 1498 1408 ι
1521 1364 1673 1426 Negari
1700 1380 1788 1410 non

422 1447 592 1500 poterat
625 1454 758 1483 unum
797 1445 1070 1496 operatorem
1107 1452 1201 1481 esse
1236 1437 1412 1488 mundi,
1453 1450 1595 1481 unum,
1619 1433 1758 1480 Deum
1773 1468 1786 1488 ‚

421 1510 618 1556 omnium
639 1518 892 1553 creatorem.
924 1508 1133 1566 Adjunxit
1155 1523 1207 1552 eo
1229 1509 1346 1567 quod
1367 1507 1464 1552 coeli
1491 1514 1536 1552 et
1563 1513 1687 1555 terrae
1706 1503 1789 1551 Do·

423 1580 566 1626 minus
586 1594 610 1622 a
630 1578 884 1622 manufactis
915 1592 1002 1620 non
1032 1577 1231 1636 dignetur
1246 1579 1455 1622 habitare.
1483 1573 1650 1623 Deinde
1674 1574 1790 1637 quod

424 1649 535 1694 intra
557 1648 648 1692 auri
669 1648 917 1707 argentique
938 1662 1100 1691 cassam
1121 1648 1341 1692 materiem
1362 1658 1632 1707 nequaquam
1647 1646 1789 1692 verisi-

426 1721 530 1766 mile
547 1720 602 1764 sit
622 1718 802 1763 artificio
822 1719 1008 1763 hominis
1029 1719 1112 1763 vim
1142 1719 1382 1764 Divinitatis
1408 1719 1571 1764 includi
1592 1733 1603 1763 τ
1633 1718 1789 1764 erroris

425 1790 665 1838 remedium
679 1791 838 1833 docens
853 1804 946 1832 esse
969 1790 1158 1838 studium
1175 1790 1425 1849 poenitendi.
1456 1789 1578 1835 Time
1601 1786 1716 1834 venit
1736 1787 1791 1834 ad

426 1861 670 1910 Christum,
693 1859 773 1903 nec
797 1867 942 1903 tamen
959 1859 1096 1904 Deum
1114 1860 1264 1903 maluit
1283 1875 1412 1918 quam
1435 1860 1656 1905 hominem
1677 1875 1791 1906 uun-

424 1946 607 1992 ωροτε,
631 1931 806 1976 dicens:
838 1948 855 1971 α
877 1931 926 1974 ln
953 1931 1043 1974 viro
1066 1946 1150 1990 quo
1180 1922 1372 1975 definivit
1399 1931 1600 1976 omnibus
1632 1927 1789 1983 fidem,

425 2003 668 2047 »suscitans
685 2016 784 2044 eum
807 2001 858 2043 ab
884 2000 1069 2044 inseris&
1094 2019 1111 2042 n
1135 2001 1221 2054 Qui
1236 2001 1349 2045 enim
1369 2010 1550 2053 tractat,
1574 2001 1703 2047 debet
1718 2018 1790 2048 au·

427 2073 636 2118 dientium
653 2072 923 2116 considerare
939 2086 1169 2131 personas3
1193 2087 1247 2115 ne
1269 2072 1386 2130 prius
1411 2073 1640 2117 irrideatur
1660 2089 1791 2134 quam

429 2145 639 2188 audiatur.
681 2143 911 2196 Quomodo
951 2142 1066 2185 enim
1102 2142 1382 2187 Athenienses
1420 2145 1645 2190 crederent
1692 2145 1791 2205 quia

433 2213 619 2258 Verbum
637 2226 737 2256 earo
753 2213 913 2256 sactum
936 2220 1023 2262 est,
1047 2220 1090 2255 et
1110 2214 1163 2255 de
1185 2211 1346 2271 Spiritu
1372 2221 1519 2258 sancto
1540 2214 1666 2275 Virgo
1690 2199 1793 2260 conss

429 2284 567 2343 cepit,
586 2283 657 2342 qui
674 2283 907 2326 irridebant
930 2283 1027 2340 quia
1050 2283 1404 2328 resurrectionem
1431 2285 1655 2331 audierant
1675 2302 1792 2331 mor-

431 2364 603 2399 tuorum
615 2353 664 2396 Ῥ
679 2355 839 2398 Tamen
859 2361 901 2397 et
923 2354 1150 2412 Dionysius
1166 2353 1440 2415 Areopagites
1456 2346 1652 2406 eredidit.
1666 2368 1708 2404 et
1723 2354 1794 2404 aiii

432 2426 712 2471 erediderunt
736 2425 778 2468 in
797 2425 934 2468 virum
953 2425 967 2446 ⁶
983 2459 995 2476 ,
1021 2433 1068 2468 ut
1091 2425 1132 2468 in
1157 2426 1293 2469 Deum
1318 2428 1557 2473 crederent.
1585 2429 1702 2484 Quid
1726 2430 1792 2476 in—

431 2504 585 2547 terest,
623 2509 711 2554 qno
747 2495 926 2553 quisque
960 2497 1106 2539 credat
1134 2497 1283 2540 ordine
1304 2495 1322 2540 Ρ
1354 2497 1447 2542 Non
1488 2499 1531 2544 in
1573 2494 1794 2562 principiis

431 2565 623 2626 perfecte
637 2572 886 2623 quaeruntur
906 2578 917 2607 t
940 2566 1014 2609 sed
1036 2566 1088 2608 de
1107 2565 1325 2626 principiis
1348 2569 1402 2613 ad
1426 2584 1474 2613 ea
1494 2584 1588 2629 quae
1604 2564 1793 2630 perfecta

479 2666 488 2681 ¹
511 2655 588 2691 Act·
606 2665 689 2699 nn,
714 2654 763 2695 ak.
785 2673 826 2682 —
840 2662 857 2682 ²
873 2655 964 2690 ibid.
984 2656 1039 2690 δι.
1058 2675 1096 2683 -
1115 2658 1129 2683 ⁸
1148 2657 1234 2692 Ibid.
1257 2659 1308 2693 32.
1325 2677 1363 2687 -
1384 2662 1397 2690 ⁴
1415 2659 1504 2697 lbid.
1520 2661 1572 2701 34.
