1846 3262
419 269 500 329 soil
961 280 995 323 s.
1033 279 1228 324 luitaom

416 384 464 420 ut
491 388 562 419 eos
593 365 793 430 lacrymis
820 385 898 416 nos
926 371 1129 416 lavemus.
1162 369 1291 415 Bonae
1321 369 1539 430 lacryma,
1566 365 1775 428 quaneh

417 447 551 489 solum
575 451 767 487 nostrum
788 451 966 502 possunt
985 443 1126 487 lavare
1150 442 1371 492 delictum,
1396 441 1473 486 sed
1494 439 1623 487 etiam
1646 437 1776 485 Verbi

419 516 598 561 coelestis
625 515 762 573 rigare
789 514 1039 573 vestigium;
1070 523 1118 558 ut
1145 529 1310 573 gressus
1337 512 1430 572 ejus
1458 513 1500 556 in
1532 510 1656 557 nobis
1678 526 1781 555 exu-

417 591 581 634 berent.
614 588 744 631 Bonae
775 588 990 645 lacrymae,
1021 586 1065 629 in
1093 586 1248 644 quibus
1274 601 1360 629 non
1386 587 1525 629 solum
1544 582 1783 642 redemptio

417 667 709 719 peccatorum,
734 658 812 700 sed
830 658 960 700 etiam
984 656 1160 705 resectio
1186 665 1251 699 est
1277 655 1512 713 justorum3
1536 653 1639 712 justi
1668 651 1784 696 enim

419 746 499 775 vox
537 738 600 773 est
627 746 637 770 :
663 746 680 768 α
707 728 902 772 Fuerunt
941 727 1048 772 mihi
1080 728 1298 786 lacrymae⁴
1316 741 1422 771 meae
1457 740 1587 786 panes
1626 724 1696 768 die
1735 737 1786 766 ac

421 823 437 845 n
451 801 597 846 nocte¹
612 816 621 827 ·
637 819 652 841 n

480 873 599 918 XIX.
636 872 689 915 Et
715 871 749 914 si
779 870 832 914 ad
857 878 985 929 caput
1008 870 1167 915 Christi
1189 871 1394 915 accedere
1416 885 1501 914 non
1523 879 1667 930 potes,
1691 880 1789 916 tan-

421 955 492 1005 gat
521 943 701 1004 pedibus
730 942 816 985 suis
846 951 975 1000 caput
1006 950 1128 984 tuum
1163 941 1368 985 Christus.
1407 941 1462 984 Et
1493 940 1663 989 fimbria
1693 941 1787 999 ejus

424 1024 562 1065 curat,
581 1023 624 1057 et
640 1014 769 1072 pedes
794 1021 960 1056 curant.
982 1010 1189 1071 'Expande
1206 1013 1398 1071 capillos.
1416 1020 1557 1056 sterne
1575 1020 1672 1056 ante
1686 1026 1787 1056 eum

425 1101 573 1131 omnes
590 1086 650 1128 tui
667 1084 857 1142 corporis
876 1083 1115 1142 dignitates.
1139 1083 1231 1127 Non
1250 1083 1487 1126 mediocres
1509 1081 1650 1141 capilli
1670 1091 1785 1131 sunt,

424 1158 496 1215 qui
519 1165 696 1216 possunt
727 1164 895 1214 tergere
923 1156 1052 1213 pedes
1085 1154 1256 1198 Christi.
1282 1154 1481 1198 Testatur
1503 1153 1587 1196 hoc
1606 1153 1694 1202 ille,
1717 1152 1790 1209 qui

426 1229 617 1288 quandin
644 1227 817 1286 capillos
838 1226 1004 1276 habuit,
1032 1225 1143 1269 vinci
1166 1222 1398 1283 nequivit².
1423 1223 1617 1282 Denique
1636 1231 1680 1266 et
1701 1237 1792 1266 mu-

426 1302 575 1346 lierem
595 1299 856 1342 decalvatam
874 1312 997 1341 orare
1010 1311 1095 1340 non
1111 1297 1236 1340 decet
1247 1295 1278 1340 ⁸.
1298 1295 1463 1340 Habeat
1477 1296 1601 1355 plane
1617 1292 1791 1353 capillos

429 1373 583 1430 quibus
611 1369 767 1413 Christi
795 1368 1103 1412 circumvolvat
1118 1367 1306 1426 vestigia,
1327 1366 1482 1425 quibus
1500 1367 1586 1411 suae
1606 1364 1794 1409 crinicu-

429 1444 479 1486 lis
510 1439 840 1501 pulchritudinis
872 1447 915 1482 et
945 1437 1110 1482 decoris
1143 1438 1357 1496 sapientiae
1387 1438 1517 1497 pedes
1550 1445 1712 1496 tergam
1747 1443 1796 1478 ut

430 1524 621 1558 extremo
648 1511 796 1554 saltem
815 1524 912 1552 rore
928 1509 1080 1553 divinae
1102 1508 1269 1552 virtutis
1295 1508 1567 1558 humescant,
1583 1507 1689 1565 figat
1713 1506 1796 1564 jus-

433 1585 535 1628 titiae
557 1581 738 1641 pedibus
767 1580 912 1622 oscula
937 1594 1024 1622 sua.
1053 1578 1147 1622 Non
1169 1579 1398 1622 mediocris
1424 1578 1517 1622 haec
1543 1575 1687 1622 meriti
1714 1584 1795 1626 est,

433 1656 486 1698 de
502 1668 583 1712 qua
600 1659 740 1710 potest
755 1650 900 1693 dicere
916 1647 1157 1707 Sapientia:

504 1742 520 1762 ι
536 1723 599 1767 Ex
619 1736 704 1780 quo
726 1720 894 1770 intravi,
921 1734 1007 1762 non
1028 1719 1205 1763 cessavit
1228 1718 1410 1763 osculari
1430 1717 1561 1778 pedes
1584 1716 1750 1761 meos‘.
1772 1735 1788 1756 ι

492 1795 591 1841 ΧΧ.
629 1794 683 1837 Ut
700 1792 813 1836 aliud
830 1791 911 1834 nisi
926 1790 1174 1849 sapientiam
1191 1790 1310 1848 loqui
1327 1790 1508 1840 nesciat,
1524 1797 1573 1833 ut
1589 1788 1705 1833 aliud
1720 1788 1801 1831 nisi

436 1867 640 1927 justitiam
665 1864 838 1922 diligere
867 1862 1054 1911 nesciat,
1076 1870 1126 1905 ut
1149 1861 1264 1905 aliud
1291 1861 1372 1904 nisi
1406 1861 1644 1904 castitatem
1668 1860 1802 1904 libare

438 1937 615 1986 nesciat,
638 1944 685 1978 ut
703 1934 821 1977 aliud
843 1931 923 1975 nisi
941 1931 1190 1991 pudicitiam
1203 1932 1386 1976 osculari
1404 1931 1577 1976 nesciat.
1596 1930 1803 1975 Osculum

440 2009 556 2052 enim
592 2005 731 2052 mutui
762 2003 916 2049 amoris
957 2003 1163 2047 indicium
1202 2012 1267 2047 est
1296 2004 1526 2047 :osculum
1557 2002 1710 2062 pignus
1740 2007 1804 2044 est

441 2078 671 2123 charitatis.

499 2150 620 2196 XXI.
656 2151 813 2194 Beatus
838 2148 911 2207 qui
938 2155 1077 2206 potest
1097 2155 1140 2190 et
1161 2147 1257 2190 oleo
1279 2161 1441 2205 ungere
1467 2145 1598 2205 pedes
1619 2143 1803 2188 Christiz

446 2223 629 2280 denique
646 2220 787 2265 adhuc
804 2219 952 2263 Simon
965 2233 1050 2262 non
1068 2217 1286 2260 unxerat⁰.
1306 2216 1564 2261 Sedbeatior
1579 2230 1674 2274 quae
1684 2214 1807 2259 unxit

445 2301 684 2352 unguent03
705 2292 936 2334 multorum
953 2288 1066 2332 enim
1084 2287 1239 2331 ssorum
1257 2287 1299 2330 in
1318 2302 1450 2331 unum
1475 2288 1655 2331 collecta
1676 2287 1808 2346 gratia

447 2363 602 2424 spargit
616 2361 798 2406 odorum
814 2359 948 2403 varias
963 2358 1200 2402 suavitates.
1223 2358 1277 2400 Et
1293 2357 1468 2402 sortasse
1485 2358 1600 2402 istud
1613 2372 1810 2417 unguen·

448 2446 540 2480 tum
557 2449 642 2478 non
665 2433 771 2476 alius
792 2430 923 2491 possit
939 2430 1015 2473 nisi
1031 2429 1220 2472 Ecclesia
1238 2430 1324 2472 sola
1346 2430 1526 2479 deferre,
1545 2443 1638 2487 quae
1653 2427 1810 2472 diversi

450 2503 689 2566 spiraminis
704 2500 1032 2547 innumerabiles
1048 2499 1174 2543 ssores
1188 2499 1317 2543 habet
1330 2515 1340 2543 :
1356 2515 1450 2558 quae
1462 2500 1613 2544 merito
1623 2498 1809 2559 speciem

496 2613 506 2630 ¹
525 2606 607 2640 Psal.
623 2616 692 2642 xm,
707 2605 740 2645 4.
757 2623 796 2630 —
818 2614 831 2630 ⁸
850 2603 959 2638 Judic.
973 2613 1041 2643 xvi,
1060 2602 1093 2642 5,
1109 2607 1141 2636 et
1156 2604 1291 2647 seq.-³
1315 2615 1324 2636 ι
1343 2603 1420 2637 Cor.
1442 2612 1485 2637 n.
1503 2603 1535 2636 5.
1548 2620 1592 2640 ,—
1609 2603 1622 2632 ⁴
1641 2601 1720 2636 Luc.
1738 2611 1782 2634 vu
1797 2623 1809 2643 ,

448 2661 505 2701 45.
522 2678 562 2687 -
581 2662 594 2684 ⁶
612 2659 699 2693 lbid.
715 2658 770 2698 46.
