1800 3268
340 349 393 390 28
579 335 583 338 ⁴
885 360 916 388 s.
957 354 1149 387 Aunnosn

337 454 435 484 cum
447 440 550 485 dicit
560 439 791 484 Dominus:
809 457 825 478 ο
840 438 1090 496 Priusquam
1116 432 1250 477 exires
1270 432 1323 474 de
1339 432 1459 475 vulva
1474 462 1487 481 ·
1513 427 1695 490 sanctifi·

339 529 354 549 n
370 509 460 553 cavi
474 518 536 559 te,
555 518 598 552 et
619 508 870 568 prophetam
894 509 934 551 in
951 506 1148 565 gentibus
1169 502 1289 561 posui
1310 501 1392 545 te¹.
1415 501 1563 546 »Atius
1582 501 1698 549 enim

335 588 398 623 est
419 579 588 638 spiritus
608 579 702 622 vitae
719 579 846 636 hujus
865 613 873 627 ‚
894 578 997 621 alius
1022 576 1166 635 gratim
1187 589 1197 616 :
1221 573 1292 616 iile
1318 574 1532 617 nascendo
1565 572 1697 617 sumit

334 650 552 693 exordium
570 682 581 697 .
603 649 824 692 moriendo
843 647 1055 691 desectum
1077 661 1088 688 z
1110 646 1187 688 iste
1207 658 1291 687 non
1311 643 1590 701 temporibus.
1607 657 1696 687 non

333 721 526 763 aetatibus
539 723 780 768 coercetur,
801 734 885 761 non
903 718 1022 760 obitu
1039 715 1315 774 extinguitur,
1338 729 1424 757 non
1438 715 1532 757 aive
1548 713 1697 769 metri·

333 789 584 833 excluditur.
610 789 804 847 Denique
833 797 876 832 et
904 796 1047 831 sancta
1069 787 1196 830 Maria
1218 787 1345 844 plena
1366 794 1512 831 sancto
1535 786 1699 844 Spiritu

332 858 622 918 prophetavit²
656 875 667 902 z
699 867 742 902 et
778 859 953 902 Etisaeus
990 866 1183 900 mortuus
1224 855 1475 914 defunctum
1517 857 1698 900 cadaver

335 929 522 973 hominis
553 937 669 972 tactu
700 929 763 972 sui
794 928 984 987 corporis
1015 925 1260 970 suscitavit³
1285 941 1296 969 t
1328 934 1370 970 et
1397 925 1573 970 Samuel
1601 935 1698 986 post

338 1008 547 1047 mortem,
570 1000 806 1042 secundum
830 999 1060 1057 Scripturae
1086 997 1401 1047 testimonium,
1434 996 1577 1040 sutura
1610 1011 1698 1045 nm

332 1069 497 1113 tacuit‘.

391 1138 589 1183 XXXIV.
638 1157 654 1179 α
672 1139 725 1182 Et
751 1139 910 1197 Spiritu
926 1128 1122 1197 (inquit,
1147 1147 1293 1182 sancto
1315 1139 1565 1198 replebitur.
1586 1156 1603 1179 ι
1618 1136 1698 1182 Cui

333 1209 445 1252 euim
477 1210 594 1252 adest
618 1209 800 1268 Spiritus
829 1210 995 1268 gratiae,
1030 1209 1138 1252 nihil
1167 1210 1297 1253 deest.
1331 1209 1383 1252 Et
1411 1208 1482 1252 cui
1515 1207 1698 1267 Spiritus

333 1288 504 1323 sanctus
538 1279 795 1333 infunditur,
834 1295 1086 1338 magnarum
1117 1279 1340 1338 plenitudo
1375 1279 1586 1324 virtutum
1613 1286 1692 1324 est.

333 1349 527 1408 Denique

401 1436 419 1458 ι
437 1419 607 1470 Multos,
626 1421 778 1477 inquit,
804 1419 989 1463 filiorum
1005 1420 1136 1463 Israel
1157 1429 1381 1464 convertet
1397 1421 1450 1465 ad
1462 1419 1698 1465 Dominum

333 1489 500 1534 »Deum
524 1491 754 1549 ipsorum⁵.
774 1511 791 1531 ι

391 1559 578 1605 XXXV.
612 1561 707 1604 Non
753 1576 924 1619 egemus
969 1561 1212 1604 testimonio
1254 1561 1371 1617 quod
1417 1560 1699 1620 plurimorum

335 1637 503 1673 sanctus
524 1630 711 1674 Joannes
734 1633 862 1674 corda
883 1631 1162 1681 converterit,
1188 1631 1230 1673 in
1252 1645 1337 1688 quo
1359 1631 1483 1675 nobis
1514 1631 1695 1691 prophe-

335 1700 428 1744 ticae
463 1700 691 1760 Scripturae
727 1711 769 1745 et
804 1703 1057 1760 evangelicae
1092 1702 1390 1761 suffragantur.
1417 1721 1434 1743 ι
1455 1702 1548 1749 Vox
1583 1703 1698 1747 enim

335 1772 586 1816 »clamantis
619 1773 660 1816 in
692 1775 859 1817 deserto
888 1790 898 1816 ε
923 1775 1071 1817 Parate
1094 1774 1203 1817 viam
1234 1774 1445 1824 Domino,
1471 1783 1607 1818 rectas
1638 1775 1699 1820 sa-

336 1844 449 1886 »cite
469 1845 637 1888 semitas
667 1845 784 1902 ejus⁶
808 1861 818 1888 ε
839 1864 855 1886 ι
880 1854 924 1888 et
954 1845 1207 1903 baptismata
1239 1846 1405 1903 populis
1430 1846 1699 1904 frequentata

335 1913 552 1957 declarant
573 1930 784 1958 conversae
812 1915 946 1973 plebis
972 1930 1057 1958 nou
1081 1915 1318 1958 mediocres
1331 1915 1466 1960 factos
1486 1931 1578 1960 esse
1595 1931 1698 1975 pro·

335 1997 501 2033 cessus;
527 1984 622 2041 quia
645 1985 746 2027 dum
770 1986 958 2028 creditur
973 1985 1146 2033 «Ioanni,
1178 1985 1574 2034 creditur-‚Christm
1601 1986 1698 2032 Non

335 2054 447 2097 enim
465 2055 517 2098 de
533 2070 594 2104 se,
613 2056 686 2098 sed
702 2057 755 2099 de
769 2056 954 2099 Domino
971 2056 1228 2114 praedicabat
1244 2057 1692 2130 praenuntiusughriuti.

333 2123 388 2168 Et
408 2125 503 2168 ideo

407 2213 424 2236 ι
442 2196 610 2240 Praeibit
651 2197 693 2240 in
729 2207 962 2256 conspectu
1002 2197 1173 2243 Domini
1210 2198 1253 2241 in
1290 2198 1455 2258 spiritu¹
1470 2207 1515 2245 et
1540 2200 1697 2246 virtute

337 2285 352 2306 u
366 2266 466 2309 Eiiae
481 2266 510 2310 ⁷.
541 2286 556 2307 ο

393 2336 598 2382 XXXVI.
633 2339 748 2383 Bene
765 2340 1114 2398 istnjnnguntur;
1133 2355 1349 2398 nunquam
1374 2341 1488 2384 enim
1500 2341 1590 2386 sine
1610 2342 1697 2387 vir-

336 2416 426 2453 tute
446 2410 637 2468 spiritus,
657 2425 735 2454 nec
760 2411 848 2453 sine
867 2411 1014 2469 spiritu
1039 2411 1168 2453 virtus
1201 2419 1277 2454 est.
1315 2411 1367 2454 Et
1397 2410 1493 2455 ideo
1518 2410 1696 2457 fon-tasse

337 2480 380 2522 in
410 2481 559 2538 spiritu
585 2489 628 2524 et
647 2481 802 2539 virtute
831 2481 956 2532 Elian
981 2482 1076 2540 quia
1099 2490 1271 2525 sanetus
1295 2482 1406 2526 Elias
1426 2491 1470 2527 et
1490 2483 1696 2537 virtutem

387 2603 396 2619 ¹
425 2595 551 2629 Jerem.
580 2607 604 2636 ι,
629 2597 710 2628 5.-
730 2607 742 2622 ¹
763 2598 843 2631 Luc.
861 2610 887 2638 ι,
901 2597 1066 2637 lusi-1346.
1082 2616 1120 2623 —
1138 2599 1152 2622 ³
1166 2597 1186 2633 ιί
1204 2597 1286 2638 neg.
1310 2608 1385 2636 ιιιι,
1407 2608 1462 2630 αι.
1482 2615 1524 2624 -
1539 2598 1556 2627 ⁴
1577 2607 1588 2631 ι
1610 2596 1694 2642 Reg-

334 2660 401 2683 xm
418 2674 427 2687 .
457 2655 491 2683 et
518 2660 585 2696 seq.
611 2669 651 2678 -
679 2654 690 2674 ⁵
717 2652 792 2686 Luc.
822 2664 858 2694 ι,
896 2654 950 2687 ιῦ.
974 2671 1012 2701 -5
1035 2654 1050 2676 ⁸
1071 2653 1142 2687 lsai.
1169 2663 1219 2694 xa,
1251 2651 1283 2694 5,
1313 2658 1347 2702 et
1375 2651 1495 2689 unuh.
1521 2662 1575 2694 ¹⁸¹,
1603 2651 1694 2700 3·-3

339 2710 349 2732 7
372 2703 448 2737 Luc.
470 2714 501 2743 ι,
523 2713 571 2747 17.

1786 2626 1800 2861 Ξ
