1800 3268
364 292 463 343 ¹72‘
707 263 713 269 θ
910 299 944 330 ⁸.
984 300 1179 332 Aunnosu

358 379 445 422 rius
466 378 659 422 minister
681 378 892 423 infirmati
918 379 1088 433 Quanta
1112 382 1326 427 moralitas
1343 358 1532 435 Domini,
1559 385 1633 444 qui
1654 387 1726 446 pe·

358 449 535 492 riclitari
560 450 693 508 magis
722 451 835 509 apud
864 465 940 493 nos
971 451 1180 509 judicium
1208 469 1333 497 suum
1364 470 1493 514 quam
1523 455 1725 501 affectum

358 519 529 562 maluit!
549 518 804 579 Susceperat
820 522 934 565 enim
955 522 1137 566 hominis
1155 523 1449 584 fragilitatem:
1467 535 1509 570 et
1526 527 1622 572 ideo
1643 542 1725 571 nec

358 588 433 632 has
461 598 601 648 partes
634 591 846 634 recusavit
877 590 1134 636 infirmitatis
1161 594 1369 639 humanae.
1397 595 1540 641 Voluit
1570 597 1722 646 deseri,

359 660 492 703 voluit
518 661 666 719 prodi,
697 661 828 705 voluit
856 662 908 705 ab
932 662 1136 721 Apostolo
1156 679 1234 707 suo
1263 665 1398 714 tradi:
1424 674 1472 710 ut
1498 675 1544 710 tu
1565 683 1587 710 a
1609 668 1726 712 socio

360 731 568 781 desertus.
602 747 623 775 a
653 733 769 776 socio
795 734 1007 792 proditus,
1031 735 1249 778 moderate
1278 735 1386 779 seras
1415 744 1538 781 tuum
1565 753 1728 782 errasse

359 799 586 858 judicium,
610 803 770 861 perisse
789 804 1062 849 beneficium.

430 891 446 911 ι
461 873 515 916 Et
537 872 773 925 descendit,
798 875 951 935 inquit,
977 891 1075 920 cum
1099 876 1198 929 illis,
1216 885 1260 920 et
1285 877 1403 921 stetit
1425 878 1467 921 in
1490 878 1588 923 loco
1603 877 1730 938 pede·

360 960 377 982 ι
390 943 559 1001 plano'.
577 962 593 985 ι

418 1014 567 1058 XLV1.
605 1015 791 1060 Adverte
829 1017 971 1061 omnia
1010 1018 1259 1078 diligenter,
1296 1022 1514 1078 quomodo
1547 1030 1593 1066 et
1627 1035 1728 1066 cum

361 1082 575 1142 Apostolis
602 1086 823 1137 ascendat,
862 1096 905 1132 et
942 1090 1173 1133 descendat
1210 1091 1265 1134 ad
1302 1091 1458 1135 turbas.
1499 1092 1730 1146 Quomodo

360 1154 474 1199 enim
497 1157 619 1199 turba
637 1158 715 1200 nisi
734 1158 776 1201 in
798 1157 951 1202 humili
973 1160 1190 1204 Christum
1207 1161 1401 1205 videret?
1423 1163 1517 1207 Non
1538 1164 1731 1220 sequitur

362 1227 416 1268 ad
438 1228 620 1277 excelsa,
651 1243 738 1272 non
770 1230 961 1273 ascendit
987 1232 1038 1274 ad
1069 1231 1282 1275 sublimia.
1310 1233 1506 1291 Denique
1535 1233 1610 1277 ubi
1640 1235 1731 1277 des·

362 1296 523 1346 cendit,
549 1297 709 1341 invenit
730 1298 949 1350 infirmos3
971 1301 1013 1343 in
1031 1301 1206 1345 excelsis
1224 1302 1339 1346 enim
1357 1302 1514 1346 infirmi
1535 1319 1626 1347 esse
1645 1318 1732 1347 nou

361 1377 551 1426 possunt.
581 1368 651 1413 Sic
667 1370 794 1414 etiam
815 1371 1037 1415 Matthaeus
1059 1373 1232 1422 docet²‚
1259 1373 1301 1417 in
1325 1373 1597 1418 inferioribus
1613 1375 1733 1419 ‹lebi-

360 1437 421 1480 les
444 1453 535 1482 esse
555 1449 748 1490 sanutos;
772 1440 888 1500 prius
914 1442 1029 1484 enim
1061 1444 1353 1502 unusquisque
1380 1453 1552 1488 sanatus
1576 1453 1663 1500 θεὶς
1685 1453 1734 1489 ut

360 1508 564 1566 paulatim
593 1509 820 1554 virtutibus
850 1512 1208 1570 procedentibus,
1243 1515 1476 1560 ascendere
1507 1525 1649 1576 posset
1681 1518 1734 1561 ad

360 1587 568 1623 montem.
609 1580 662 1623 Et
698 1581 793 1624 ideo
830 1598 1183 1642 unumquemque
1215 1585 1258 1628 in
1291 1585 1566 1630 inferioribus
1596 1596 1730 1637 sanat.

362 1646 446 1691 hoe
467 1657 548 1698 est,
572 1665 595 1692 a
617 1650 796 1694 libidine
820 1661 1006 1701 revocat,
1025 1653 1226 1711 injuriam
1249 1656 1452 1700 caecitatis
1473 1657 1639 1700 avertit.
1664 1657 1735 1701 Ad

361 1719 534 1761 vulnera
568 1729 713 1764 nostra
746 1722 983 1773 descendit,
1015 1732 1065 1767 ut
1095 1740 1175 1767 usu
1205 1726 1393 1783 quodam
1423 1734 1467 1769 et
1495 1726 1618 1785 copia
1648 1726 1729 1776 sui,

362 1798 525 1833 naturae
552 1793 877 1850 comparticipes
897 1809 975 1837 nos
1001 1794 1127 1838 faciat
1150 1811 1242 1839 esse
1264 1797 1462 1840 coelestis.
1488 1797 1542 1841 Et
1560 1797 1737 1841 sanabat

361 1860 439 1904 hos
461 1862 652 1920 quidem,
677 1865 749 1906 sed
775 1863 815 1906 in
838 1863 1110 1909 inferioribus
1132 1867 1413 1926 relinquebat.

422 1931 597 1976 XLVII.
637 1952 653 1971 α
682 1933 835 1978 Videas
881 1945 1025 1979 aulem
1070 1938 1232 1987 turbas,
1272 1947 1321 1982 ut
1354 1938 1508 1997 legisti,
1547 1939 1738 1983 ascendit

362 2002 436 2045 »in
458 2011 665 2049 montem.
688 2005 742 2048 Et
763 2020 863 2048 cum
882 2007 1080 2058 sedisset,
1103 2009 1387 2052 ascenderunt
1404 2010 1457 2052 ad
1477 2023 1577 2052 eum
1598 2008 1738 2053 Disci-

363 2073 482 2131 npuli
521 2072 658 2130 ejus⁸.
678 2074 1088 2132 »Evangelizaturus
1129 2077 1259 2127 enim,
1300 2086 1345 2121 et
1387 2078 1737 2122 benedictionum

363 2142 416 2184 de
447 2142 645 2186 thesauro
676 2143 916 2188 Divinitatis
947 2154 1223 2205 prompturus
1253 2148 1444 2198 oracula,
1471 2147 1621 2207 incipit
1645 2161 1738 2192 esse

362 2212 599 2257 sublimior.
627 2214 707 2257 Hic
735 2224 877 2258 autem
899 2216 978 2259 etsi
1004 2216 1045 2259 in
1071 2216 1223 2260 humili
1248 2218 1403 2268 stabat,
1429 2226 1571 2261 tamen
1588 2219 1737 2261 oculos

366 2283 448 2325 alte
464 2283 654 2327 levavw.
679 2284 751 2328 Sic
771 2285 886 2328 enim
905 2286 1032 2329 etiam
1056 2301 1154 2330 cum
1174 2287 1381 2331 Lazarum
1408 2288 1655 2336 suscitaret,
1678 2287 1739 2331 in·

362 2353 535 2397 sternuit
551 2355 800 2413 spirituesic
818 2356 946 2400 etiam
966 2365 1096 2416 caput
1118 2358 1287 2407 levavit,
1306 2373 1406 2401 cum
1428 2357 1598 2402 mulieri
1618 2357 1736 2400 adul·

367 2432 468 2468 terae
490 2434 667 2484 peccata
691 2427 912 2470 donaret⁵.
940 2428 1059 2483 Quid
1079 2435 1143 2471 est
1163 2428 1444 2491 enim51evare
1466 2429 1633 2478 oculos.
1656 2425 1736 2471 nisi

364 2495 541 2539 interius
561 2498 706 2541 lumen
730 2497 926 2557 aperire?

410 2610 419 2625 ·
439 2602 518 2635 Luc.
534 2611 581 2640 vi.
599 2613 696 2646 17.--
712 2613 724 2629 ·
746 2603 866 2638 unuh.
887 2614 962 2642 vm.
982 2614 1054 2637 ι.-
1074 2604 1090 2629 ⁸
1108 2603 1160 2637 ld.
1178 2615 1211 2644 v,
1232 2615 1305 2638 ι.-
1319 2606 1333 2633 ⁴
1347 2605 1442 2639 Jonn.
1462 2615 1508 2643 n,
1523 2602 1577 2637 3³.
1593 2619 1634 2630 -
1651 2603 1665 2625 ⁵
1682 2601 1732 2636 ld.

364 2665 438 2694 vin,
454 2665 485 2697 7.
