1800 3268
413 441 490 470 102
960 438 992 467 8.
1032 438 1227 467 ΑΙΒΒΟΒῙΙ

409 518 540 578 ergo?
561 516 650 563 Lex
678 514 872 560 inutilis?
890 514 1014 559 Absit
1037 531 1047 558 ε
1071 517 1144 559 sed
1167 515 1283 558 utilis
1304 514 1561 565 incredulis,
1591 511 1771 558 infirmis

407 588 669 638 necessaria,
695 602 789 646 quae
809 584 1002 629 lubricos
1038 594 1082 629 et
1116 594 1308 629 errantes
1344 584 1800 644 praecepti-salutaris.

409 657 655 702 austeritate
675 656 965 705 cohiberet,et
986 655 1333 699 observationum
1356 656 1592 698 attentione
1605 655 1774 698 conclu·
1798 664 1800 701 ζ

410 730 541 772 deret.
569 728 689 772 Bona
714 735 853 771 autem
871 725 960 770 Lex
978 734 1065 775 est,
1097 726 1195 784 quia
1228 725 1440 784 spiritalis.
1470 725 1528 768 ‚Ei
1558 738 1660 783 ergo
1678 736 1775 767 *non
1798 739 1800 741 ’

409 799 542 848 bona,
584 798 658 855 qui
706 811 794 840 non
827 804 949 856 putat
984 796 1216 855 spiritalem
1253 810 1263 838 ε
1308 795 1381 852 qui
1419 801 1566 838 mente
1601 794 1778 853 exignus

408 866 668 925 humilisque
689 862 850 917 sactus,
884 882 979 909 eam
1009 881 1104 924 quae
1142 862 1275 924 super
1293 864 1450 924 Legem
1471 873 1558 915 est,
1584 864 1800 923 majesta

409 945 497 981 tem
519 937 683 980 scilicet
710 935 870 981 Christi
893 937 1035 980 videre
1066 952 1152 980 non
1174 936 1331 995 potuit.
1353 937 1493 989 Quam
1518 935 1668 993 utique
1689 938 1800 998 tan-{-

411 1022 539 1065 quam
557 1022 681 1065 supra
700 1007 819 1049 illum
844 1006 1048 1065 parietem
1069 1007 1300 1065 respiciens
1326 1006 1396 1049 ille
1418 1013 1563 1049 mente
1585 1003 1800 1052 sublimis]

411 1078 555 1120 Esaias
580 1077 756 1136 gloriam
783 1078 861 1121 Dei
882 1077 1030 1127 vidit¹,
1054 1093 1150 1135 quae
1172 1076 1339 1120 videtur
1358 1076 1405 1120 in
1426 1075 1647 1120 montibus
1656 1106 1670 1125 ,
1693 1080 1800 1129 mm?¹

414 1148 457 1191 in
476 1149 673 1192 coitibus.
938 1185 943 1188 .
1779 1136 1800 1202 ³2:

465 1217 644 1262 XXVII.
681 1217 841 1260 Docuit
878 1218 1020 1275 itaque
1054 1231 1132 1260 nos
1159 1216 1348 1260 Ecclesia
1371 1216 1415 1259 in
1437 1215 1626 1260 Canticis
1651 1217 1800 1262 canti-2.

407 1302 586 1339 eorum,
607 1289 723 1346 quod
745 1287 823 1331 iste
844 1288 982 1346 paries
1011 1287 1195 1330 Domino
1218 1295 1366 1331 nostro
1389 1286 1493 1330 Jesu
1514 1286 1686 1332 Christo
1709 1287 1766 1331 ol>
1782 1327 1800 1340 „

414 1367 527 1403 stare
544 1375 629 1403 non
652 1359 818 1419 potuit,
839 1374 920 1403 nec
938 1359 978 1402 ci
994 1359 1068 1416 qui
1091 1367 1262 1402 secutus
1278 1366 1344 1402 est
1357 1358 1594 1410 Christum,
1607 1360 1757 1403 dicens

422 1447 439 1468 α
455 1429 549 1474 Vox
566 1430 705 1473 fratris
723 1430 806 1472 mei
830 1444 841 1472 τ
860 1443 963 1473 ecce
985 1429 1055 1472 hic
1077 1429 1192 1472 venit
1209 1429 1363 1472 saliens
1385 1443 1515 1487 super
1534 1437 1724 1478 montes,
1742 1394 1797 1477 εἰ

418 1499 689 1543 »transiliens
722 1514 851 1558 super
878 1500 1010 1543 colles
1026 1532 1037 1549 ‚
1069 1499 1215 1542 similis
1243 1499 1373 1542 frater
1392 1514 1514 1542 meus
1533 1513 1699 1558 capreae
1720 1481 1794 1559 ve}

420 1569 631 1614 »hinnulo
653 1583 879 1612 cervorum
910 1569 954 1611 in
981 1568 1201 1611 montibus
1222 1568 1392 1612 Bethel.
1429 1569 1542 1613 Eece
1574 1569 1647 1613 hic
1673 1568 1795 1627 retrq

419 1657 436 1679 ι
450 1647 546 1695 post
567 1638 773 1697 parietem
790 1639 1009 1689 nostrum,
1035 1639 1300 1697 prospiciens
1322 1653 1400 1697 per
1418 1637 1626 1685 fenestras
1639 1673 1651 1689 .
1671 1625 1800 1698 prod}

417 1728 434 1749 »
447 1709 612 1768 piciens
633 1724 712 1768 per
734 1709 852 1752 retia.
867 1706 1119 1767 ‘Respondit
1141 1708 1273 1752 frater
1292 1723 1414 1752 meus
1426 1742 1440 1760 ,
1461 1717 1507 1753 et
1524 1709 1630 1752 dixit
1648 1692 1800 1833 mihis]

421 1797 438 1819 »
451 1778 608 1837 Surge,
635 1779 730 1822 veni
748 1779 940 1837 proxima
960 1794 1071 1829 mea,
1094 1778 1286 1837 speciosa
1305 1793 1422 1829 mea,
1443 1779 1644 1823 columba
1664 1793 1759 1823 mea

420 1846 655 1906 »quoniam
686 1862 791 1892 ecce
820 1849 971 1907 hyems
1008 1849 1226 1899 transivit,
1259 1849 1400 1907 pluvia
1435 1849 1565 1900 abiit,
1599 1834 1791 1917 diseesdj

423 1919 557 1970 isibi,
582 1918 710 1962 flores
734 1919 810 1963 visi
839 1928 939 1963 sunt
970 1919 1012 1963 in
1040 1928 1177 1969 terra,
1204 1928 1372 1978 tempus
1394 1920 1567 1964 secandi
1592 1920 1744 1964 adveni
1767 1909 1784 1932 ’θ

425 2007 442 2029 ι
456 2003 537 2032 vox
553 1989 730 2032 turturis
749 1990 891 2032 audita
909 1988 1012 2032 est².
1034 2009 1051 2029 ι
1072 1990 1220 2032 Flores
1233 2023 1244 2039 ‚
1267 1990 1445 2048 apostoli
1464 2005 1476 2031 ε
1494 1983 1663 2049 tempus
1684 2004 1726 2035 m

424 2057 506 2107 sis,
534 2056 699 2102 fructus
722 2066 785 2100 est
809 2058 965 2101 Christi
986 2073 1096 2102 :vox
1118 2059 1318 2109 turturis,
1342 2074 1423 2102 vox
1444 2059 1659 2104 Ecclesiae.
1685 2061 1742 2105 Ju

427 2127 561 2185 igitur
589 2128 666 2172 Dei
696 2129 830 2171 Filius
863 2137 1138 2187 posteaquam
1161 2138 1353 2173 terrenos
1375 2131 1570 2174 homines
1597 2123 1729 2191 nec'ss
1762 2134 1773 2182 ᾗ

429 2199 593 2241 dientes
630 2199 684 2242 ad
719 2214 902 2258 superna
918 2232 930 2248 ,
966 2208 1009 2243 et
1048 2202 1342 2258 corporalibus
1377 2201 1560 2261 inspexit
1591 2211 1759 2261 angusti

431 2277 672 2313 coarctatos
702 2269 814 2326 (non
835 2270 950 2312 enim
974 2279 1065 2313 crat
1081 2271 1152 2329 qni
1183 2271 1340 2316 faceret
1364 2272 1571 2323 bonum',
1598 2285 1685 2318 non
1705 2288 1731 2317 e

426 2354 564 2398 usque
581 2341 634 2382 ad
658 2340 820 2398 unum)
845 2341 1104 2384 descendere
1133 2342 1172 2383 in
1201 2350 1335 2385 terras
1355 2343 1457 2402 ipse
1483 2343 1680 2402 diguatus
1704 2357 1730 2387 e
1799 2339 1800 2343 ¹

427 2419 476 2454 nt
496 2410 703 2469 parietem
723 2410 843 2454 illum
865 2410 987 2469 [legis
1001 2445 1012 2461 .
1033 2410 1116 2454 hoc
1138 2420 1224 2461 est,
1249 2413 1406 2456 molem
1425 2405 1655 2472 qnamdam
1669 2420 1713 2457 ot

423 2481 722 2539 perstitionem
759 2481 1001 2525 intellectus
1032 2483 1265 2541 corporalis
1297 2484 1508 2536 auset-ren
1542 2484 1638 2543 (ᾐὲιώ
1675 2496 1732 2542 qn

414 2559 634 2609 premeret
658 2560 702 2594 et
725 2552 1005 2595 obumbraret
1036 2555 1169 2596 corda
1199 2556 1471 2613 populorum.
1496 2555 1648 2600 notior
1667 2553 1743 2613 igit
1764 2599 1766 2601 .

413 2621 622 2670 maceria.
657 2636 787 2679 quam
812 2623 961 2680 parics.
983 2624 1179 2681 Denique
1197 2640 1282 2668 non
1305 2625 1606 2685 bonusparies
1628 2624 1723 2675 deal

416 2700 497 2735 tus.
519 2691 652 2745 Quod
672 2707 759 2736 non
781 2693 914 2736 otiose
938 2694 1100 2738 dictum
1128 2704 1192 2738 est
1214 2695 1399 2755 principi
1420 2695 1695 2740 sacerdotum
1711 2724 1725 2745 .
1761 2700 1763 2703 ’
1788 2687 1789 2690 ¹

464 2792 472 2808 ¹
490 2783 568 2818 lsai.
586 2794 634 2827 vi,
657 2794 686 2820 ι.
709 2802 751 2812 -
768 2795 783 2811 ⁸
797 2785 896 2820 eant.
912 2797 951 2828 u,
964 2786 1116 2821 8-ta.-
1130 2788 1145 2813 ³
1161 2787 1247 2823 Psal.
1274 2798 1349 2829 nn,
1366 2787 1400 2823 3.
