1846 3262
404 246 489 291 256
955 253 987 280 s.
1028 251 1222 280 Aunnosu

471 355 487 376 ι
504 333 638 379 Sinite
658 346 731 375 eos
748 364 759 381 ,
783 339 827 373 et
846 328 977 373 nolite
997 328 1257 388 prohibere;
1278 328 1351 386 qui
1373 330 1488 373 enim
1507 341 1595 374 non
1614 338 1679 376 est
1699 331 1768 384 ad-

402 426 419 449 »
433 419 600 450 versum
622 418 695 446 vos
710 435 721 452 ,
739 416 818 460 pro
841 398 961 444 vobis
982 398 1086 442 est¹.
1113 417 1129 438 ι

462 474 624 522 XXVI.
662 474 804 520 Bene,
830 470 1037 519 Domine,
1062 484 1159 512 nam
1183 477 1225 512 et
1249 468 1410 527 «Ioseph
1439 479 1483 513 et
1512 469 1770 515 Nicodamus

405 544 564 591 occulti
587 542 782 601 discipuli
804 549 978 599 propter
995 549 1180 589 metum,
1204 539 1245 582 in
1271 548 1462 599 tempore
1484 549 1625 585 tamen
1645 557 1772 586 suum

408 617 484 661 tibi
501 614 689 659 officium
715 627 800 655 non
823 618 1045 669 negarunt.
1073 610 1158 652 Sed
1188 618 1328 652 tamon
1351 610 1450 668 quia
1472 610 1573 654 alibi
1594 610 1733 656 dixisti
1755 626 1767 654 ε

421 705 436 726 ι
455 685 541 739 Qui
569 699 654 728 non
682 690 746 725 est
773 696 942 725 mecum
957 714 968 732 ,
997 680 1218 724 adversum
1240 695 1309 723 me
1329 689 1420 724 est:
1445 689 1488 724 et
1507 682 1580 740 qui
1601 697 1772 726 mecum

410 772 526 801 »non
549 754 735 814 colligit,
761 752 989 812 dispergit3
1014 770 1030 792 ι»
1060 750 1175 810 aperi
1211 752 1358 801 nobis,
1391 767 1443 795 ne
1471 753 1663 796 videatur
1681 768 1775 798 esse

410 828 685 873 contrarium.
736 826 787 868 Et
827 833 931 883 puto
964 823 1060 881 quia
1093 823 1128 866 si
1161 823 1254 880 quis
1289 825 1497 867 mentium
1533 824 1775 870 consideret

409 907 690 945 scrutatorem
709 930 718 945 .
743 896 938 940 dubitare
963 910 1050 938 non
1073 895 1228 938 debeat
1248 895 1586 954 uniuscujusque
1612 895 1774 941 factum

411 979 555 1017 mente
577 967 775 1014 discerni.
802 967 995 1024 Denique
1023 966 1092 1009 alii
1124 966 1249 1015 dicit,
1274 984 1290 1005 α
1311 967 1499 1024 Sequere
1519 962 1619 1011 me':
1643 986 1660 1009 »
1683 968 1775 1018 alii,

421 1043 608 1101 «Vulpes
630 1040 771 1083 foveas
793 1036 987 1081 habent².
1011 1055 1026 1076 υ
1041 1038 1116 1079 Ille
1138 1038 1320 1094 cogitur,
1346 1038 1423 1081 iste
1443 1046 1710 1089 removeturs
1731 1046 1780 1083 ut
1812 1074 1816 1078 .

412 1114 519 1158 scias
541 1112 638 1170 quia
657 1112 834 1154 devotus
856 1108 1109 1156 admittitur,
1132 1108 1355 1151 indevotus
1377 1110 1629 1154 excluditur.

471 1181 651 1227 XXVII.
689 1179 819 1232 Quod
855 1193 954 1220 vcro
981 1177 1222 1236 Discipulos
1254 1178 1487 1238 increpavit
1515 1180 1614 1238 quia
1638 1180 1781 1240 iguem

414 1267 543 1312 super
577 1265 649 1294 eos
683 1249 941 1292 descendere
981 1247 1261 1306 gestiebant&
1304 1249 1376 1307 qui
1411 1265 1497 1294 non
1534 1259 1784 1311 receperant

418 1323 636 1367 Christum
666 1335 677 1363 ε
705 1319 946 1363 ostenditur
982 1318 1104 1361 nobis
1128 1334 1212 1361 non
1238 1334 1404 1378 semper
1425 1320 1468 1364 in
1489 1336 1562 1365 eos
1586 1322 1658 1380 qui
1687 1337 1784 1381 pec·

416 1394 608 1439 caverint
637 1389 968 1435 vindicandum⁴
988 1406 999 1438 ;
1023 1389 1120 1446 quia
1141 1404 1450 1449 nonnunquam
1474 1393 1655 1452 amplius
1682 1409 1783 1452 pro-

418 1465 512 1508 dest
534 1461 758 1506 clementia
783 1461 857 1503 tibi
876 1461 927 1502 ad
953 1460 1218 1516 patientiam,
1240 1463 1357 1520 lapso
1380 1464 1433 1505 nd
1451 1463 1775 1507 correctionem.

415 1533 613 1592 Denique
631 1531 884 1583 Samaritani
906 1529 1032 1572 citius
1054 1530 1353 1581 crediderunt,
1378 1547 1398 1574 a
1418 1533 1572 1590 quibus
1588 1533 1784 1578 hocloco

419 1605 527 1664 ignis
554 1610 735 1647 arcetur.
765 1600 903 1643 Simul
926 1601 1040 1643 disce
1061 1601 1158 1657 quia
1181 1602 1311 1660 recipi
1334 1603 1469 1645 noluit
1493 1604 1544 1646 ub
1566 1604 1657 1654 his,
1679 1620 1786 1662 quos

420 1675 583 1719 sciebat
605 1687 690 1716 non
712 1670 894 1729 simplici
918 1678 1062 1713 monte
1084 1686 1336 1721 convcrsos3
1373 1689 1469 1716 nam
1491 1674 1524 1717 si
1556 1674 1753 1719 voluisset
1772 1708 1783 1725 .

421 1762 476 1790 ex
502 1744 712 1788 indevotis
741 1744 916 1785 devotos
945 1741 1128 1784 fecisset.
1165 1742 1252 1785 Cur
1277 1753 1417 1787 autem
1442 1760 1527 1788 non
1550 1747 1789 1804 receperint

419 1831 545 1865 eum,
579 1812 846 1871 Evangelista
879 1812 968 1869 ipse
991 1812 1242 1855 memoravit
1276 1814 1452 1856 dicens:
1477 1833 1493 1854 ι
1511 1816 1622 1867 Quia
1661 1815 1788 1860 facies

418 1905 435 1927 ι
449 1884 542 1943 ejus
563 1892 653 1927 erat
671 1882 842 1926 cunctis
866 1882 908 1937 in
925 1881 1204 1925 Jerusalem¹⁴.
1226 1900 1242 1921 »
1266 1883 1472 1941 Discipuli
1493 1893 1635 1928 autem
1657 1885 1790 1945 recipi

421 1956 530 2000 intra
552 1954 783 1998 Samariam
804 1952 1064 2011 gestiebant⁵
1090 1967 1101 1995 :
1124 1952 1207 1995 Sed
1232 1953 1347 1996 Deus
1367 1969 1473 2011 quos
1490 1955 1689 2013 dignatur
1713 1971 1790 2000 vo-

421 2035 511 2073 cat,
530 2033 574 2068 et
594 2039 719 2082 quem
747 2024 837 2065 vult
864 2022 1107 2079 religiosum
1136 2022 1246 2065 facit.
1274 2023 1360 2066 Nec
1382 2024 1587 2082 Discipuli
1611 2035 1791 2083 peccant

421 2095 496 2154 qui
516 2094 672 2153 Legem
694 2100 956 2149 sequuntur;
995 2092 1188 2134 sciebant
1217 2093 1330 2135 enim
1352 2101 1395 2136 et
1415 2093 1595 2138 Pliinees
1620 2105 1789 2155 reputa·

422 2173 515 2209 tum
540 2163 593 2206 ad
620 2163 822 2221 justitiam
838 2194 849 2211 ,
872 2161 970 2218 quia
994 2162 1221 2220 sacrilegos
1246 2163 1545 2215 interemerat,
1565 2167 1677 2209 etad
1700 2182 1791 2226 pre-

423 2249 495 2278 ces
528 2233 630 2276 Eliae
659 2232 802 2291 ignem
830 2232 1102 2274 descendisse
1126 2234 1179 2274 de
1202 2233 1327 2282 cono,
1352 2243 1398 2276 ut
1418 2234 1640 2294 Prophetoe
1662 2235 1796 2281 'vindi-

424 2312 597 2349 caretur
618 2303 772 2360 injnria
793 2317 803 2344 x
829 2303 902 2344 sed
921 2301 1161 2344 vindicetur
1183 2303 1253 2359 qui
1277 2303 1397 2346 timet
1418 2319 1427 2346 :
1453 2306 1685 2350 vindictam
1703 2322 1793 2352 non

425 2375 600 2434 quaerit,
631 2373 704 2432 qui
727 2387 811 2415 non
833 2372 965 2414 timet.
992 2370 1128 2414 Simul
1151 2373 1390 2416 ostenditur
1411 2375 1532 2419 nobis
1554 2377 1595 2419 in
1615 2374 1794 2437 Aposto-

424 2445 476 2490 lis
501 2445 630 2488 fuisse
662 2443 815 2487 merita
835 2441 1172 2500 Prophetarum
1206 2445 1376 2500 quando
1403 2447 1598 2489 camdem
1626 2448 1794 2507 sibipo-

475 2543 487 2562 ¹
507 2538 587 2569 Luc.
616 2547 661 2572 ιι.
679 2537 734 2569 5ο.
752 2553 793 2560 -
816 2544 828 2559 ·
850 2533 937 2566 lbid.
955 2532 1010 2571 54,
1027 2538 1058 2565 et
1076 2543 1145 2576 seq.
1169 2553 1209 2557 -—
1230 2536 1243 2558 ³
1263 2536 1300 2567 αὖ
1319 2547 1351 2580 q.
1370 2537 1401 2575 4.
1419 2548 1493 2581 cup.
1510 2537 1607 2579 Quod
1631 2537 1791 2576 christus.

434 2607 477 2617 —
503 2594 517 2621 ⁴
546 2591 626 2624 buc.
643 2601 688 2627 ix,
702 2590 756 2622 55.
777 2607 815 2614 -
835 2593 847 2614 ⁵
872 2587 907 2621 S.
939 2586 1075 2630 August.
1100 2586 1159 2620 lib.
1179 2601 1189 2621 ι
1209 2589 1249 2623 de
1275 2591 1378 2633 grania
1403 2591 1548 2638 Christi,
1564 2591 1708 2639 cop-⁴6.
