1846 3262
390 263 474 305 280
934 273 966 302 s.
1006 272 1202 303 aunnosn

382 353 618 400 videretur,
642 350 711 394 vel
732 358 978 409 arroganter
999 352 1171 402 dolere,
1203 352 1319 409 quod
1342 365 1430 394 non
1455 352 1593 410 prima
1617 351 1748 412 p‘mee
1827 387 1834 392 -

387 423 546 482 aliquid
568 421 871 481 impetraverit.
897 439 914 462 α
928 421 1108 481 Propter
1123 423 1229 473 hoc,
1253 422 1392 481 inquit
1406 456 1418 473 ,
1435 431 1507 469 tet.
1518 423 1748 469 Dominum

385 491 587 551 »rogavi¹
611 507 622 535 z
643 510 660 533 ι
681 499 724 535 et
758 492 944 536 ostendit
973 494 1091 551 quod
1118 493 1366 552 frequenter
1390 493 1506 537 Deus
1536 493 1635 538 ideo
1658 509 1747 538 non

385 562 595 607 concedat
616 570 783 613 oratus,
809 563 925 622 quod
944 562 1110 608 inutilia
1128 563 1295 623 judicet
1312 575 1406 622 quae
1426 577 1507 608 noo
1523 563 1749 624 profutura
1763 564 1774 571 ⁹

384 634 625 677 credamus.
1606 672 1609 677 ,.

455 704 628 749 «Omne
657 719 839 763 reguum
869 705 912 749 in
941 721 987 750 se
1020 706 1160 765 ipsum
1187 705 1369 749 divisum
1400 706 1679 759 desolabitur-3
1703 715 1750 778 et

385 794 402 818 u
415 777 567 820 domus
584 791 710 834 supra
727 776 905 820 domum
923 776 1136 821 cadet2.»

442 846 558 892 XCI.
596 846 734 891 Causa
765 847 869 892 dicti
900 847 1030 905 hujus
1065 863 1115 892 ea
1149 857 1239 899 est,
1272 848 1388 906 quod
1423 848 1469 893 in
1502 797 1749 894 Beelzebub

382 919 582 979 principe
595 919 903 963 daemoniorum
923 920 1081 978 ejicere
1101 920 1311 964 daemonia
1334 921 1587 973 dicebatur,
1607 930 1658 966 nt
1676 935 1750 965 os-

381 992 580 1035 tenderet
594 1006 774 1050 regnum
792 1006 917 1034 suum
933 991 1200 1036 individuum
1220 1006 1311 1035 esse
1327 999 1454 1050 atque
1473 1000 1746 1052 perpetuum.

384 1062 622 1121 Meritoque
649 1063 778 1106 etiam
800 1063 936 1108 Pilato
960 1063 1179 1122 respondit
1199 1077 1209 1106 :
1236 1080 1253 1102 ι
1272 1063 1470 1122 Regnum
1495 1077 1642 1106 meum
1663 1078 1751 1107 nou

388 1142 482 1178 »est
505 1135 557 1178 de
582 1134 668 1178 hoe
695 1133 904 1178 muudo'.
923 1153 940 1175 n
961 1135 1015 1178 Et
1034 1134 1129 1177 ideo
1154 1133 1227 1191 qui
1254 1148 1341 1176 non
1363 1133 1407 1176 in
1436 1132 1755 1192 Christo·spe'm
1798 1139 1810 1147 ⁴
1838 1170 1846 1189 ⁴

389 1213 544 1264 gerunt
560 1238 572 1255 ,
594 1205 671 1248 sed
692 1205 735 1248 in
756 1205 952 1264 principe
968 1204 1278 1248 daemoniorum
1301 1203 1401 1262 ejici
1429 1203 1645 1248 daemonea
1661 1204 1758 1264 opi·-

387 1285 563 1327 nantur‚
588 1291 660 1320 eos
685 1276 804 1335 regni
830 1285 957 1335 negat
985 1291 1077 1319 esse
1107 1275 1306 1335 perpetui
1333 1289 1344 1318 :
1375 1276 1490 1333 quod
1513 1275 1759 1336 speetat'ad

390 1349 598 1408 populum
620 1349 887 1398 Judaeorum,
911 1346 1255 1406 quihujusmedi
1287 1345 1559 1405 passionibus
1583 1347 1639 1390 'ad
1671 1347 1761 1390 ‹2ae-

390 1420 585 1464 monium
614 1419 875 1477 ejiciendum
890 1452 901 1470 ‚
939 1409 1153 1463 daemonit
1172 1418 1350 1462 arcessit
1387 1417 1607 1461 auxilium.
1654 1417 1761 1462 Nam

395 1493 759 1551 quemadmodum
779 1500 946 1551 potest,
965 1506 1066 1534 eum
1086 1490 1193 1534 fides
1210 1486 1452 1542 scindatur,
1473 1505 1655 1549 regnum
1677 1502 1765 1533 ma·

398 1578 502 1606 nere
522 1562 780 1605 indivisum?
804 1562 974 1605 Etenim
996 1576 1097 1605 cum
1116 1561 1160 1604 in
1180 1560 1294 1618 Lege
1312 1559 1369 1603 sit
1389 1562 1576 1619 populus
1594 1561 1764 1604 Jndaeo-

401 1649 525 1684 rum,
561 1633 755 1676 Christus
792 1648 963 1690 quoque
998 1634 1238 1676 secundum
1279 1646 1454 1674 carnem
1485 1646 1538 1675 ex
1571 1630 1686 1691 Lego
1713 1632 1769 1676 'sit

402 1712 628 1763 generatus
653 1719 663 1746 τ
689 1705 905 1762 quomodo
922 1719 1101 1762 reguum
1124 1710 1263 1762 potest
1286 1701 1537 1746 Judaeorum
1557 1717 1650 1746 esse
1669 1717 1771 1762 per-

402 1785 581 1835 petuum
594 1809 605 1826 ‚
636 1776 754 1833 quod
773 1791 826 1818 ex
840 1775 952 1834 Lege
972 1783 1060 1825 est;
1083 1789 1182 1818 cum
1210 1775 1393 1833 populus
1409 1773 1679 1832 ipsedividat
1694 1773 1773 1818 Le-

405 1862 525 1906 gem,
561 1848 733 1906 quando
765 1862 787 1890 a
817 1846 940 1906 Legis
972 1848 1131 1905 populo
1164 1846 1360 1889 Christus
1389 1853 1586 1905 negatur,
1619 1845 1776 1904 quiex

406 1918 520 1977 Lege
547 1917 760 1961 debetur?
791 1917 855 1960 Ita
887 1933 941 1960 ex
962 1925 1083 1975 parte
1105 1932 1149 1959 se
1182 1915 1288 1959 fides
1320 1915 1509 1960 Juda'ieae
1528 1916 1669 1976 plebis
1692 1916 1775 1959 im-

407 1998 584 2049 pugnat,
605 1998 648 2033 et
667 1989 959 2048 impugnando
977 1988 1195 2037 dividitur,
1207 1995 1250 2031 et
1268 1987 1497 2032 dividendo
1513 1987 1772 2032 dissolvitur.

409 2062 464 2104 Et
483 2061 580 2104 ideo
604 2075 784 2119 regnum
815 2059 1018 2103 Ecclesiae
1039 2059 1232 2102 manebit
1252 2058 1297 2102 in
1318 2066 1526 2102 aeternum
1545 2075 1558 2108 ς
1589 2057 1695 2116 quia‘
1710 2058 1780 2101 in-

411 2131 583 2176 dividua
606 2131 733 2182 fides,
760 2146 916 2189 corpus
938 2139 1003 2173 est
1028 2145 1163 2173 unum
1187 2145 1197 2172 ι
1225 2147 1242 2169 α
1260 2130 1379 2173 Unus
1399 2129 1516 2173 enim
1543 2129 1775 2182 Dominus,

409 2219 524 2247 »una
541 2202 665 2253 fides,
684 2218 817 2246 unum
837 2202 1072 2261 baptisma,
1097 2217 1209 2245 unus
1229 2202 1343 2244 Deus
1363 2210 1407 2244 et
1428 2209 1549 2260 pater
1564 2201 1774 2253 omnium,

409 2276 512 2334 »qui
534 2290 662 2334 super
678 2288 854 2323 omnes,
884 2282 927 2317 et
944 2289 1021 2332 per
1037 2288 1210 2323 omnes,
1232 2280 1275 2316 et
1296 2272 1339 2314 in
1363 2271 1587 2315 omnibus¹
1594 2304 1605 2317 .
1633 2290 1650 2314 ι

462 2345 600 2391 XCII.
644 2345 817 2398 Quanta
848 2344 919 2388 hic
952 2344 1148 2402 sacrilegi
1180 2343 1338 2386 furoris
1359 2343 1571 2394 amentia3
1605 2351 1655 2387 ut
1681 2359 1782 2388 cum

404 2417 644 2461 DehFilius
669 2416 722 2459 ad
741 2416 988 2459 immundos
1007 2415 1182 2475 spiritus
1205 2415 1519 2463 conterendos.
1549 2421 1593 2457 et
1617 2415 1685 2457 ad
1691 2429 1782 2459 ma-

400 2486 555 2531 nubias
581 2487 789 2532 mundani
812 2487 1019 2546 principis
1044 2486 1295 2530 auferendas
1323 2484 1558 2543 susceperit
1574 2485 1777 2537 carnem,

446 2601 458 2617 ⁸
474 2603 496 2626 ,ι
528 2593 607 2626 Cor.
634 2603 695 2630 ιιι,
722 2592 756 2627 8.
781 2609 823 2617 —-
853 2602 866 2618 ·
894 2592 974 2634 Luc.
1007 2602 1057 2631 xi,
1080 2602 1130 2634 ¹7·
1149 2608 1189 2616 —
1207 2591 1222 2615 ³
1238 2590 1338 2624 Joan.
1367 2599 1467 2629 xviii,
1482 2587 1543 2645 ΞΒ.
1560 2603 1601 2614 -·
1623 2589 1639 2617 ⁴
1661 2573 1785 2633 Ephes-

409 2660 457 2691 ιν,
478 2650 511 2688 5,
526 2649 559 2682 6.
