1800 3268
347 271 430 298 120
904 261 934 287 S.
975 260 1019 288 At
1034 258 1168 288 Bnosu

344 343 424 386 nisi
457 341 655 384 adversus
687 336 948 380 illecebrosae
978 334 1139 377 sonitus
1169 334 1389 376 cantilenae
1423 332 1577 375 inserta
1610 345 1707 375 cera

348 413 564 455 sociorum
593 408 813 451 clausisset
835 421 955 448 aures
981 421 990 447 :
1016 414 1174 463 quanto
1196 404 1327 463 magis
1356 403 1572 462 religiosos
1597 402 1709 445 viros

343 481 581 526 coelestium
617 479 828 521 sactorum
859 478 982 519 decet
1019 475 1300 519 admiratione
1329 474 1539 518 mulceri?
1571 473 1711 531 Atque

348 554 418 596 hic
440 552 524 609 jam
547 564 634 593 non
656 549 887 591 baccarum
914 546 1097 590 suavitas
1117 546 1377 596 haurienda,
1402 547 1476 589 sed
1498 545 1617 604 panis
1643 545 1714 588 illo

348 624 420 682 qui
449 620 673 666 descendit
711 619 764 662 de
801 620 910 662 coelo
940 633 950 661 z
986 632 1072 661 non
1112 619 1227 661 olera
1262 617 1428 661 Alcinoi
1457 617 1712 675 spectanda,

351 695 426 738 sed
447 698 714 736 sacramenta
732 698 831 732 sunt
848 688 1018 731 Christi.
1042 689 1146 732 Nam
1164 706 1179 727 α
1194 688 1279 741 Qui
1298 687 1490 732 infirmus
1505 697 1586 740 est,
1602 691 1717 733 olera

354 784 369 804 n
383 765 616 807 manducet
628 762 684 805 ’.ιι
700 760 795 805 Non
820 758 1070 803 claudendae
1091 758 1219 818 igitur
1241 773 1381 809 aures,
1394 759 1470 802 sed
1485 761 1722 805 reserandae

347 844 470 885 sunt;
496 844 542 877 ut
564 833 721 876 Christi
745 847 827 876 vox
850 831 982 890 possit
1004 831 1164 879 audiri,
1191 846 1319 888 quam
1349 831 1542 891 quisquis
1569 848 1721 892 perce-

353 906 478 965 perit,
492 903 768 961 naufragium
785 917 871 945 non
889 901 1070 945 timebit.
1094 900 1187 944 Non
1207 902 1516 960 corporalibus,
1537 911 1585 946 ut
1603 903 1722 963 Ulys-

356 992 446 1026 ses,
472 977 524 1019 ad
548 975 744 1017 arborem
774 975 874 1032 (19)
902 973 1083 1016 vinculis
1104 973 1359 1031 alligandus,
1381 975 1457 1018 sed
1482 975 1648 1030 animus
1669 977 1725 1020 ad

356 1047 495 1091 crucis
507 1047 670 1105 lignum
691 1045 951 1103 spiritalibus
969 1045 1147 1101 nexibus
1163 1044 1435 1099 vinciendus;
1458 1061 1512 1090 ne
1529 1047 1725 1090 lascivia-

355 1134 453 1161 rum
485 1125 708 1160 moveatur
739 1116 972 1166 illecebris,
1007 1130 1267 1174 cursumque
1291 1123 1454 1160 naturae
1475 1112 1728 1177 detorqueat

354 1191 396 1233 in
424 1188 664 1248 periculum
685 1187 928 1245 voluptatis,

415 1259 490 1303 III.
526 1258 760 1317 Figmentis
777 1258 893 1300 euim
913 1258 1089 1317 poeticis
1110 1257 1252 1300 fabula
1272 1258 1511 1310 coloratum
1536 1266 1586 1302 ut
1607 1274 1726 1318 quae-

361 1332 461 1373 dam
472 1332 623 1389 puellae
640 1331 866 1388 scopuloso
879 1330 921 1372 in
938 1330 1082 1373 littore
1095 1329 1222 1372 maris
1235 1329 1448 1373 habitasse
1464 1331 1726 1389 prodantur:
1767 1338 1770 1341 '

359 1417 453 1460 quae
477 1402 508 1444 si
532 1417 638 1459 quos
660 1401 888 1444 deflectere
913 1399 1125 1458 navigium
1149 1408 1328 1458 propter
1353 1401 1522 1446 aurium
1545 1402 1733 1446 suavita-

364 1482 453 1515 tem
485 1472 599 1516 dulci
628 1487 730 1515 voce
762 1471 1045 1530 pepulissent,
1070 1470 1112 1514 in
1150 1472 1256 1514 vada
1292 1487 1405 1515 caeca
1435 1473 1664 1523 deductos,
1691 1482 1736 1517 et

367 1542 496 1585 infida
526 1542 706 1585 statione
729 1542 930 1600 deceptos
948 1574 958 1590 ,
982 1541 1187 1599 naufragii
1217 1542 1469 1586 miserabilis
1490 1545 1608 1587 'sorte
1635 1558 1737 1587 con·

367 1621 599 1656 sumerent.
631 1612 924 1669 Compositum
948 1611 1030 1654 hoc
1053 1612 1194 1669 specie
1210 1644 1220 1660 ,
1245 1619 1287 1654 et
1311 1612 1536 1655 ambitiosa
1558 1627 1736 1671 compa-

374 1685 543 1727 ratione
567 1684 693 1726 sucat·
713 1682 764 1726 m'
785 1691 870 1733 θεὶς
892 1691 939 1725 ut
960 1698 1097 1731 mare,
1119 1682 1411 1732 vox‚seminae‚
1433 1683 1571 1727 littora
1584 1685 1739 1728 vadosa

370 1753 600 1812 fingantur.
635 1755 762 1808 Quod
785 1763 925 1796 autem
953 1768 1069 1795 mare
1098 1753 1318 1810 abruptius
1348 1767 1475 1810 quam
1505 1756 1707 1797 saeculum
1725 1787 1736 1804 ‚

371 1835 457 1868 tam
480 1823 659 1867 infidum
675 1857 684 1872 ‚
711 1833 797 1867 tam
823 1825 1005 1871 mobile,
1029 1832 1113 1865 tam
1138 1824 1396 1881 profundum
1413 1857 1424 1873 ,
1451 1832 1534 1867 tam
1558 1826 1740 1867 immun-

372 1899 526 1940 dorum
560 1896 785 1954 spirituum
821 1895 994 1938 flatibus
1029 1894 1351 1953 procellosum?
1383 1895 1505 1948 Quid'
1535 1896 1615 1939 sibi
1650 1897 1743 1940 vult

371 1970 609 2027 puellarum
643 1966 806 2026 figura,
839 1967 917 2010 nisi
946 1966 1114 2010 eviratae
1144 1967 1368 2023 voluptatis
1392 1967 1614 2016 illecebra,
1647 1982 1742 2026 quae

373 2037 657 2081 constantiam
700 2045 834 2096 captae
871 2037 1027 2079 mentis
1065 2036 1314 2079 effeminet?
1345 2036 1451 2089 Quae
1493 2045 1635 2080 autem
1673 2038 1744 2082 illa

375 2110 478 2151 vada
497 2141 508 2158 ‚
542 2108 622 2151 nisi
655 2115 809 2151 nostrae
836 2108 1001 2166 scopuli
1034 2116 1132 2150 sunt
1168 2107 1346 2150 salutis?
1377 2107 1491 2152 Nihil
1511 2107 1627 2151 enim
1655 2117 1744 2153 tam

376 2194 536 2223 caecum
554 2211 564 2228 ,
596 2194 725 2236 quam
756 2179 968 2222 saecularis
992 2179 1208 2222 suavitatis
1231 2178 1470 2237 periculum
1491 2195 1502 2222 :
1521 2194 1616 2238 quae
1641 2181 1746 2224 dum

374 2250 536 2292 mulcet
570 2248 786 2298 animum,
819 2250 947 2292 vitam
982 2250 1152 2299 obruit,
1174 2258 1219 2293 et
1250 2249 1465 2308 corporeis
1490 2249 1746 2308 quibusdam

374 2320 560 2379 scopulis
586 2335 758 2363 sensum
792 2321 945 2364 mentis
974 2322 1113 2365 illidit.
1760 2370 1761 2373 Ἴ

438 2391 508 2435 1V.
535 2391 685 2436 Merito
704 2392 831 2451 igitur
849 2393 1047 2436 dominus
1064 2401 1209 2436 noster
1219 2391 1346 2435 Jesus
1370 2391 1562 2437 Christus
1580 2390 1750 2453 ieiunio

377 2479 455 2506 suo
478 2478 554 2507 nos
577 2473 703 2521 atque
725 2465 891 2508 deserto
914 2467 1113 2509 adversus
1136 2465 1406 2522 voluptatum
1437 2463 1751 2527 informaffidllog

376 2533 524 2576 cobras
541 2565 553 2582 .
574 2543 617 2576 et
637 2536 791 2578 tentari
814 2550 860 2579 se
880 2551 901 2579 a
925 2536 1094 2580 diabolo
1117 2534 1325 2581 Dominus
1339 2534 1532 2579 omnium
1552 2533 1743 2597 potitum

425 2636 433 2652 ¹
455 2625 552 2661 Rom.
568 2636 633 2665 xxv,
655 2636 686 2664 π,
