1846 3262
382 327 466 377 234
932 335 963 363 S.
1005 333 1196 363 amenesii

378 419 488 461 inter
505 415 785 460 dividentium
811 428 976 464 manua-⁴,
1002 427 1106 478 quas
1128 429 1213 458 non
1237 414 1464 473 fregerant,
1484 403 1741 460 fructificare

376 488 630 552 particulas,
656 494 698 529 et
723 485 882 534 intacta
905 485 1187 545 frangentium
1206 485 1345 545 digitis
1364 494 1516 546 sponte
1533 500 1606 530 sua
1629 485 1743 546 stag-

377 569 521 604 menta
554 559 797 616 subrepere.
836 557 922 610 Qui
952 557 1042 601 haec
1074 557 1194 616 legit,
1237 558 1597 616 quemadmodum
1623 552 1743 618 iuges

375 644 584 689 aquarum
623 630 804 673 miretur
838 637 1022 679 meatus,
1063 637 1107 671 et
1142 627 1312 686 liquidis
1349 628 1540 672 sontibus
1575 625 1744 688 stupent

378 700 603 743 continuos
624 699 760 743 fluere
786 714 1007 742 successus
1027 715 1036 741 :
1057 695 1226 757 quzindo
1241 698 1369 742 etiam
1391 698 1510 757 panis
1525 695 1712 753 exundat
1726 731 1740 753 ,

377 781 421 816 et
455 781 617 815 naturae
646 769 856 814 solidioris
888 769 1048 829 rigatus
1074 769 1314 813 exuberat?
1339 759 1444 822 'Haec
1471 767 1604 837 igitur
1632 768 1744 824 ficta

379 845 502 892 sunt]
540 850 588 885 ut
618 842 687 884 iila
724 854 895 899 quoque
934 855 1027 899 quae
1058 855 1143 884 non
1180 839 1416 890 cernimus,
1451 844 1741 884 cerneremus.

382 913 456 956 His
486 912 706 955 evidenter
743 912 914 955 iliorum
948 925 1119 969 quoque
1150 910 1385 970 designavit
1421 918 1669 961 auctorem,
1702 919 1747 956 et

381 984 512 1026 totius
533 990 700 1026 naturae
716 981 965 1024 Creatorem
986 981 1215 1025 materialis
1237 981 1431 1032 existere,
1452 984 1546 1039 qnae
1566 993 1654 1024 nou
1672 981 1746 1039 (ut

345 1091 348 1095 .
378 1051 621 1112 philosophi
641 1053 812 1110 volunt)
833 1060 1023 1111 reperta,
1051 1053 1124 1095 sed
1141 1051 1278 1103 facta,
1302 1050 1524 1111 gignendis
1545 1049 1746 1094 omnibus

379 1124 508 1168 rebus
527 1137 748 1166 successus
770 1122 932 1166 defluos
955 1123 1260 1167 subministrat.

380 1208 382 1210 ’
439 1192 678 1237 LXXXVI.
719 1193 810 1236 Hoc
826 1193 999 1251 quidem
1017 1193 1191 1243 mirum,
1208 1191 1416 1250 quidquid
1433 1190 1486 1234 de
1495 1190 1747 1236 fluminibus

382 1263 576 1312 haurias,
609 1263 728 1322 signo
759 1263 969 1321 dispendii
991 1277 1076 1305 non
1105 1262 1243 1306 notari
1271 1278 1281 1305 τ
1307 1261 1517 1321 quidquid
1539 1262 1749 1306 de'i'onti-

383 1336 462 1377 hus
485 1334 666 1384 auferas,
688 1335 882 1376 usurario
899 1335 1084 1391 quodam
1107 1332 1294 1393 reparari
1321 1331 1591 1393 meatn280d
1610 1339 1654 1376 et
1670 1331 1749 1377 flu-

381 1406 568 1449 minibus
586 1406 619 1448 si
634 1405 740 1449 nihil
762 1405 988 1458 decedere,
1013 1405 1120 1448 nihil
1138 1413 1280 1448 tamen
1299 1404 1495 1447 videatur
1512 1404 1746 1461 accedere:

385 1484 428 1520 et
458 1476 647 1519 sontibus
674 1484 722 1520 ut
739 1478 955 1519 cumulata
979 1475 1139 1519 ssuenta
1166 1483 1427 1526 cernuntur,
1451 1475 1508 1519 ita
1536 1475 1639 1519 dnm
1671 1474 1750 1519 mi·

378 1555 570 1590 nnuntur
589 1546 766 1595 fluenta,
791 1547 1044 1605 produntur.
1068 1547 1123 1590 At
1140 1561 1240 1589 vero
1258 1546 1329 1589 hic
1350 1547 1470 1605 panis
1493 1558 1622 1605 quem
1637 1545 1751 1590 fran-

383 1617 443 1675 git
468 1616 615 1666 Jesus,
638 1616 819 1674 mystice
849 1608 1022 1674 quidem
1050 1617 1128 1660 Dei
1151 1617 1329 1660 verbum
1353 1625 1437 1667 est,
1466 1626 1509 1660 et
1534 1630 1676 1660 sermo
1696 1616 1750 1661 de

381 1689 551 1732 Christo
568 1722 577 1738 ,
601 1688 671 1746 qui
694 1688 796 1730 dum
818 1689 1045 1738 dividitur,
1071 1697 1271 1746 augetur3
1294 1688 1346 1731 de
1364 1688 1515 1748 paucis
1531 1689 1647 1732 enim
1665 1702 1751 1732 ser-

383 1758 606 1808 monibus,
634 1759 832 1802 omnibus
863 1760 1030 1818 populis
1060 1759 1375 1802 redundantem
1403 1758 1646 1805 alimoniam
1668 1756 1750 1802 mi-

382 1829 589 1874 nistravit.
615 1829 722 1873 Dedi
744 1844 961 1873 sermones
988 1830 1110 1873 nobis
1130 1831 1246 1873 velut
1266 1844 1422 1888 panes,
1446 1829 1518 1891 qui
1539 1829 1582 1872 in
1605 1836 1751 1873 nostro

381 1905 483 1946 dum
505 1903 691 1946 libantur
720 1917 793 1945 ore
812 1936 823 1952 ,
853 1904 1137 1961 geminantur.
1167 1901 1399 1946 visibiliter
1427 1915 1600 1961 quoque
1628 1901 1750 1961 panis

380 1975 458 2017 iste
474 1974 712 2017 incredibili
729 1974 891 2017 ratione
912 1977 1015 2018 dum
1035 1974 1258 2032 frangitur,
1280 1974 1382 2016 dum
1407 1973 1628 2022 dividitur,
1647 1974 1750 2016 dnm

380 2047 542 2096 editur,
566 2046 656 2089 siue
679 2048 763 2089 ulia
785 2047 994 2105 dispendii
1017 2046 1400 2104 comprehensione
1424 2045 1684 2088 cumulatur.

438 2116 698 2159 LXXXVII.
742 2116 828 2160 Nec
860 2116 1028 2159 dubites
1056 2118 1123 2159 vel
1154 2117 1269 2174 quod
1302 2115 1344 2158 iu
1374 2115 1572 2158 manibus
1599 2113 1751 2158 minis-⁴

380 2187 610 2236 trantium,
643 2187 710 2229 vel
735 2186 777 2228 in
808 2201 882 2228 ore
913 2185 1131 2229 edentium
1165 2193 1359 2235 crescat;
1395 2186 1566 2243 quando
1591 2185 1751 2242 ubique

383 2257 516 2300 nostri
550 2257 689 2315 operis
725 2257 1016 2300 testimonium
1051 2257 1104 2299 ad
1137 2255 1455 2299 firmamentum
1486 2253 1751 2299 credulitatis

384 2327 615 2370 asciscitur.
639 2328 709 2371 Sic
727 2328 770 2370 in
803 2329 961 2387 nuptiis
990 2343 1041 2371 ex
1069 2327 1256 2371 sontibus
1283 2328 1404 2378 vina,
1432 2326 1634 2371 ministris
1651 2341 1752 2387 ope*-

383 2399 591 2448 rantibus,
612 2401 878 2447 colorantur,
895 2407 938 2441 et
952 2399 1028 2457 ipsi
1045 2398 1117 2455 qui
1135 2397 1415 2457 impleverant
1431 2397 1603 2455 hydrias
1621 2411 1746 2455 aqua,

384 2471 529 2515 vinum
551 2472 664 2528 quod
689 2486 774 2514 non
798 2472 1052 2520 detulerant,
1080 2469 1372 2513 hauriebant'.
1402 2468 1747 2528 Comprehende,

383 2542 417 2585 si
449 2550 596 2600 potes,
634 2550 748 2584 tanta
783 2557 928 2584 rerum
958 2542 1174 2584 miracula.
1215 2542 1293 2583 llic
1325 2539 1552 2583 edentibus
1581 2538 1750 2611 P⁰P¹ffi³

383 2621 582 2657 crescunt
603 2613 687 2656 suis
704 2612 939 2672 fragmenta
958 2611 1210 2671 dispendiis,
1231 2620 1273 2655 et
1291 2612 1343 2655 de
1359 2610 1546 2670 quinque
1566 2611 1748 2670 panibus

436 2723 440 2735 ¹
463 2712 562 2745 Joan.
585 2723 620 2748 u,
640 2713 669 2747 5,
686 2717 716 2746 et
737 2724 801 2757 seq.
