1846 3262
399 299 480 350 264
949 311 982 338 s.
1019 311 1214 339 annaosu

457 389 603 433 XLIX.
646 387 798 432 Nonne
818 387 927 446 lupis
943 387 1031 431 istis
1050 387 1238 431 haeretici
1263 391 1539 446 comparandi
1556 399 1671 441 sunt,
1689 376 1763 450 qui

395 461 648 504 insidiantur
661 458 839 502 ovilibus
853 458 1028 509 Christi,
1050 459 1238 502 fremunt
1257 460 1369 503 circa
1388 462 1530 504 caulas
1545 470 1762 505 nocturno

396 531 527 590 magis
552 540 743 588 tempore
774 545 901 587 quam
929 529 1112 572 diurno?
1144 529 1325 588 Semper
1344 531 1457 573 enim
1486 530 1660 591 perfidis
1684 547 1768 576 nox

397 612 460 649 est
485 637 494 650 ,
535 601 607 659 qui
657 602 798 644 lucem
847 600 1005 643 Christi
1037 615 1156 643 soevae
1202 601 1370 644 nebulis
1408 601 1747 662 interpretationi

395 675 612 719 obducere
627 705 639 721 ,
676 680 719 714 et
754 678 961 728 quantum
993 670 1036 714 in
1075 671 1173 729 ipsis
1209 679 1274 714 est
1307 671 1476 716 fuscare
1491 705 1504 723 ,
1540 681 1766 718 conantur.

390 748 622 792 Versantur
638 758 739 802 ergo
756 743 870 786 circa
889 743 1056 792 caulas3
1079 742 1246 786 stabula
1266 751 1408 787 tamen
1426 743 1584 797 Christi
1601 744 1763 789 intrare

394 833 482 861 non
502 816 672 859 audent.
695 814 748 857 Et
764 814 860 856 ideo
877 828 964 856 non
984 821 1204 863 sanantur,
1224 813 1322 871 quia
1345 814 1387 856 in
1405 813 1623 859 stabulum
1645 829 1771 860 suum

394 903 480 931 non
516 887 604 930 vult
626 900 698 928 eos
728 883 922 927 Christus
956 882 1208 932 induem-0¹,
1245 884 1285 926 in
1307 898 1392 941 quo
1415 893 1592 927 curatus
1617 893 1681 929 est
1703 885 1774 929 ille

395 959 467 1018 qui
490 958 542 1000 de
572 956 838 1000 Hierusalem
864 955 1131 997 descendens
1153 953 1301 996 incidit
1328 954 1370 996 in
1393 955 1583 998 latrones
1607 969 1619 997 :
1642 969 1772 1013 quem

393 1027 642 1072 vulneribus
666 1024 866 1083 alligatis,
894 1023 1033 1066 infuso
1054 1025 1151 1066 oleo
1179 1031 1222 1066 et
1242 1023 1342 1067 vino
1358 1056 1369 1074 ,
1394 1023 1682 1083 imponens-in
1705 1023 1768 1082 ju-

395 1108 589 1144 mentum
615 1111 739 1139 suum
761 1094 1051 1138 Samaritanus
1075 1094 1146 1137 ille
1164 1093 1291 1136 duxit
1314 1093 1355 1136 in
1380 1095 1617 1144 stabulum.
1635 1102 1679 1137 et
1702 1108 1772 1138 sa-

373 1196 376 1198 -
397 1170 587 1212 nandum
611 1164 840 1210 stabulario
869 1164 1108 1221 dereliquit.
1145 1164 1239 1207 Non
1269 1164 1486 1222 accipiunt
1505 1178 1608 1223 ergo
1632 1163 1771 1207 medi·

398 1240 561 1288 cinam,
580 1237 653 1296 qui
674 1235 888 1279 medicum
907 1249 991 1277 non
1018 1234 1262 1292 requirunt3
1293 1233 1326 1277 si
1344 1234 1459 1278 enim
1480 1234 1767 1293 requirerent,

400 1326 486 1354 non
519 1311 783 1367 derogarent.
960 1364 963 1366 μ

459 1381 506 1424 L.
547 1380 779 1438 Explorant
822 1375 1000 1436 pastoris
1045 1375 1279 1419 absentiam
1299 1407 1307 1423 ,
1355 1382 1397 1418 et
1442 1374 1539 1419 ideo
1574 1384 1768 1435 pastores

402 1450 693 1494 Ecclesiarum
734 1449 800 1491 vel
851 1461 1006 1490 necare
1030 1480 1040 1495 ‚
1083 1447 1150 1489 vel
1192 1445 1235 1488 in
1277 1445 1451 1489 exilium
1494 1460 1620 1504 agere
1661 1460 1770 1489 con-
1816 1456 1821 1460 “

404 1522 622 1570 tenduut;
657 1520 754 1578 quia
793 1518 1074 1577 praesentibus
1105 1517 1346 1575 pastoribus
1384 1531 1484 1559 oves
1518 1516 1679 1561 Christi
1710 1516 1771 1560 in-

407 1596 580 1637 cursare
601 1606 687 1635 non
704 1597 893 1649 possunt.
918 1588 1111 1647 Spoliare
1131 1602 1233 1646 ergo
1250 1602 1422 1645 gregem
1437 1587 1612 1630 Domini
1633 1595 1774 1647 rapto-

408 1679 476 1707 res
507 1670 738 1710 conantur,
778 1659 850 1717 qui
886 1672 1093 1717 corporea
1129 1658 1314 1714 quadam
1351 1656 1506 1699 montis
1539 1656 1774 1701 intentione

410 1734 505 1778 duri
525 1748 573 1776 ac
600 1731 749 1790 rigidi,
773 1744 1043 1787 nequaquam
1066 1728 1204 1771 solent
1223 1743 1244 1769 a
1262 1742 1340 1770 suo
1362 1741 1507 1770 errore
1527 1725 1769 1771 deflectere.

408 1805 462 1848 Et
476 1804 570 1846 ideo
582 1802 811 1860 Apostolus
823 1800 881 1842 ait
900 1814 910 1842 :
929 1798 1214 1842 «Haereticum
1227 1796 1445 1839 hominem
1461 1803 1559 1855 post
1569 1811 1771 1840 unam...-

406 1897 423 1916 »
440 1873 753 1932 correptionem
781 1869 964 1919 devita²,
982 1888 998 1909 u
1021 1869 1158 1912 sciens
1188 1867 1286 1926 quia
1320 1867 1549 1910 subversus
1577 1875 1664 1917 est.
1702 1867 1776 1926 qui

411 1943 623 2005 ejusmodi
639 1951 716 1985 est.
737 1942 823 1984 Hos
843 1940 1076 1998 Scripturae
1092 1954 1216 1981 verus
1240 1938 1449 1996 interpres
1466 1937 1661 1981 Christus
1677 1937 1777 1981 illu-

409 2018 488 2065 dit,
512 2024 558 2058 ut
579 2014 725 2056 inanes
743 2026 841 2054 suos
858 2011 900 2054 in
921 2024 1078 2052 vanum
1094 2007 1535 2065 effundantimpetus,
1553 2014 1598 2050 et
1619 2021 1777 2051 nocere

410 2102 498 2131 non
515 2084 692 2144 possint.

467 2156 536 2199 Ll.
573 2154 658 2206 Qui
677 2152 710 2195 si
727 2166 854 2209 quem
871 2157 1038 2193 versuta
1057 2148 1356 2207 disputationis
1372 2163 1458 2191 suae
1481 2147 1780 2208 circumscrip-

413 2227 529 2271 tione
546 2221 851 2283 praevencrint,
873 2220 1038 2263 faciunt
1054 2220 1355 2262 obmutescere
1368 2236 1379 2268 3
1406 2227 1552 2262 mutus
1577 2227 1642 2262 est
1661 2218 1778 2262 enim

411 2296 485 2356 qui
503 2294 690 2338 Verbum
707 2292 784 2335 Dei
806 2306 890 2334 non
905 2290 1055 2333 eadem
1072 2305 1154 2347 qua
1171 2297 1234 2332 est
1251 2289 1382 2347 gloria
1395 2288 1639 2333 confitetur.
1665 2288 1779 2333 Cave

411 2381 512 2426 ergo
535 2379 589 2408 ne
606 2363 682 2407 tibi
705 2377 854 2406 vocem
874 2362 993 2404 tollat
1009 2360 1252 2409 haereticus,
1276 2360 1309 2402 si
1332 2360 1449 2418 prior
1464 2374 1563 2402 eum
1581 2374 1668 2402 non
1688 2359 1779 2418 ipse

409 2432 770 2495 deprehenderim
798 2431 930 2490 serpit
962 2430 1093 2479 enim,
1123 2431 1226 2472 dum
1250 2431 1353 2473 latet
1384 2429 1476 2487 ejus
1508 2429 1686 2488 perfidia
1708 2444 1720 2472 τ
1743 2428 1777 2473 si

409 2517 552 2551 autom
573 2511 818 2549 commenta
839 2501 1070 2561 impietatis
1087 2500 1181 2558 ejus
1200 2500 1446 2558 agnoveris,
1464 2500 1675 2557 jacturam
1697 2499 1777 2559 piae

405 2577 522 2622 vocis
544 2575 695 2618 timere
716 2588 803 2616 non
822 2571 995 2631 poteris.
1029 2570 1141 2614 Cave
1164 2571 1293 2628 igitur
1314 2578 1495 2615 versum
1521 2569 1779 2629 disputatio-

453 2676 462 2692 ·
483 2667 563 2699 Luc.
579 2676 611 2701 ι.
628 2664 684 2705 50,
702 2670 734 2698 et
745 2675 815 2709 aeq.
835 2682 876 2688 —
893 2673 904 2687 ²
924 2663 994 2699 Tit.
1014 2674 1063 2701 ιιι,
1084 2674 1130 2696 ω.
