1846 3262
387 259 473 310 270
928 269 977 311 ‚s-
1014 268 1211 302 Anienem
1253 276 1256 278 ¹

443 344 595 390 LXIII.
631 344 715 390 Sed
738 347 960 392 considera
983 364 1067 395 non
1094 349 1179 394 hoc
1199 366 1292 394 esse
1308 352 1446 395 solum
1469 367 1514 396 :a
1529 348 1753 400 Neminem

379 435 407 468 ¹»
420 416 699 461 salutaveritis
719 432 730 460 ε
750 419 855 461 »sed
885 434 971 462 non
1005 419 1159 466 frustra
1198 422 1439 472 additum‚·
1456 423 1504 467 In
1539 419 1617 468 via.
1640 425 1758 468 »De-

389 486 518 544 nique
542 494 584 529 et
607 487 769 531 Eliseus
800 504 899 542 chum
923 490 1109 535 mitteret
1131 507 1300 535 servum
1319 492 1463 544 suum.
1487 503 1534 538 ut
1555 495 1756 540 baculum

388 556 479 614 ejus
498 566 676 615 poneret
701 574 827 617 supra
851 574 1006 618 corpus
1029 561 1219 605 defuncti
1247 564 1381 619 pueri,
1409 566 1625 609 mandavit
1644 567 1683 616 ei
1704 580 1759 610 ne

392 628 434 671 in
461 627 528 670 via
552 627 734 687 aliquem
760 630 1011 679 salutaret¹;
1035 631 1309 675 festinantem
1333 635 1448 677 enim
1465 649 1564 678 eum
1581 634 1759 693 jubebat
1788 638 1794 646 ’

390 714 590 757 pergere.
619 708 667 743 ut
695 699 962 742 celebrandae
995 703 1319 745 resurrectionis
1351 704 1635 761 exequeretur
1662 706 1758 750 offi—

394 769 525 819 cium,
550 784 605 812 ne
631 769 976 812 confabulatione
998 771 1179 829 alicujus
1202 773 1331 822 obvii,
1355 776 1556 818 mandato
1572 776 1759 820 reflecte·

393 848 512 883 retur
539 855 560 882 a
591 854 790 883 munere.v
821 839 933 898 Ergo
961 849 1004 885 et
1035 841 1106 884 hie
1141 858 1226 886 non
1261 844 1534 888 salutationis
1558 846 1759 891 sedulitas

394 912 700 957 ansermi-:sed
729 911 999 955 obstaculum
1035 913 1316 971 impediendae
1349 916 1584 960 devotionis
1612 918 1760 962 abele·-

391 991 485 1035 tur;
504 990 550 1025 ut
566 982 738 1040 quando
759 981 898 1025 divina
915 983 1186 1033 mandantur,
1208 985 1422 1043 paulisper
1437 997 1759 1045 sequestrentur

394 1054 593 1096 humana.
619 1050 800 1096 Pulchra
833 1060 899 1095 est
927 1053 1105 1102 salutio,
1129 1056 1203 1096 sed
1226 1055 1447 1112 pulchrior
1466 1066 1632 1103 matura
1658 1073 1758 1102 exe—

397 1122 512 1165 cutio
543 1111 802 1169 divinorum‚
826 1137 919 1178 quae
947 1137 1026 1180 per
1054 1137 1220 1166 moram
1244 1140 1353 1183 saepe
1381 1126 1507 1170 traxit
1535 1127 1752 1173 offensam.

394 1193 496 1236 Ideo
529 1198 671 1234 autem
693 1199 736 1234 et
761 1190 937 1234 honesta
968 1191 1279 1250 prohibentur,
1309 1210 1364 1237 ne
1395 1197 1595 1241 solemnis
1625 1199 1758 1256 gratia

390 1265 574 1321 *obrepat
607 1262 759 1312 officii,
801 1271 843 1307 et
880 1263 1085 1321 impediat
1124 1265 1434 1317 ministerium,
1476 1267 1601 1327 cujus
1638 1282 1758 1312 mora

396 1336 520 1393 culpa
538 1334 604 1377 sit.

452 1403 607 1449 LXIV.
641 1404 738 1448 Jam
763 1404 870 1448 illud
895 1405 1028 1448 virtus
1054 1406 1157 1457 alia,
1189 1422 1244 1450 ne
1272 1408 1325 1450 de
1358 1408 1487 1451 domo
1509 1411 1562 1452 ad
1584 1410 1759 1457 domum

396 1477 490 1535 quis
508 1491 612 1534 vaga
632 1475 837 1519 facilitate
860 1475 1094 1534 demigret;
1119 1486 1167 1520 ut
1189 1494 1406 1522 servemus
1421 1480 1547 1523 etiam
1564 1481 1759 1541 hospitali

391 1548 433 1590 in
456 1562 599 1590 amore
627 1547 927 1596 constantiam,
959 1561 1038 1590 nec
1069 1546 1271 1591 coalitam
1305 1549 1504 1594 amicitiae
1530 1551 1761 1596 necessitu-

396 1618 539 1661 dinem
559 1616 684 1660 facile
704 1616 964 1661 resolvamus
979 1634 992 1666 ς
1021 1626 1068 1660 ut
1097 1619 1213 1676 pacis
1242 1619 1514 1677 praeferamus
1542 1621 1757 1672 nuntium,

395 1696 443 1730 ut
468 1687 558 1745 ipse
585 1686 748 1746 primus
773 1685 987 1744 ingressus
1013 1688 1131 1746 pacis
1157 1689 1458 1735 benedictione
1484 1692 1756 1736 celebretur:

395 1758 492 1801 cibo
514 1765 703 1816 potuque
728 1757 872 1800 oblato
892 1765 1090 1815 oportere
1109 1774 1187 1802 nos
1204 1775 1297 1802 esse
1325 1762 1585 1813 contentos⁸,
1611 1762 1762 1807 vexilla

394 1826 493 1869 fidei
515 1842 601 1870 non
625 1827 874 1885 premenda,
898 1835 941 1870 et
961 1829 1080 1886 regni
1108 1830 1292 1874 coelestis
1314 1830 1590 1890 Evangelium
1612 1833 1762 1892 praedi·

395 1899 595 1952 candum,
618 1897 921 1951 excutiendum
939 1899 992 1941 de
1014 1900 1195 1957 pedibus
1221 1903 1457 1959 pulverem,
1482 1902 1517 1946 si
1542 1903 1637 1962 quis
1658 1903 1761 1947 κεί·
1782 1962 1785 1965 ψ

392 1969 570 2027 piendos
591 1969 773 2025 civitatis
800 1970 983 2028 hospitio
1005 1985 1090 2015 non
1112 1973 1339 2029 putaverit.
1739 1984 1741 1987 '

449 2039 577 2086 LXV.
614 2039 751 2084 Docet
783 2039 912 2084 etiam
943 2042 1127 2099 graviori
1157 2058 1294 2100 poenoe
1327 2043 1535 2091 obnoxios
1567 2045 1659 2089 fore
1686 2045 1760 2104 qui

389 2109 667 2168 Evangelium
688 2123 773 2153 non
795 2111 1080 2168 sequendum,
1112 2127 1240 2170 quam
1268 2114 1341 2170 qui
1366 2113 1523 2172 Legem
1545 2115 1764 2172 judicave-

313 2226 318 2228 ,
387 2179 475 2222 rint
494 2194 585 2222 esse
601 2179 870 2229 solvendam
887 2195 939 2224 eo
956 2183 1074 2238 quod
1090 2182 1229 2240 Tyrus
1250 2192 1294 2226 et
1313 2182 1446 2227 Sidon
1464 2185 1497 2227 si
1515 2194 1631 2229 tanta
1655 2202 1761 2246 ope-

374 2249 601 2294 .rationum
624 2251 862 2294 coelestium
884 2252 1087 2295 vidissent
1112 2253 1334 2303 miracula,
1358 2270 1444 2298 non
1472 2257 1761 2315 despexissent

390 2320 627 2364 remedium
648 2321 952 2379 poenitentiae⁸.
979 2323 1107 2366 Istam
1128 2340 1299 2382 quoque
1322 2328 1388 2369 vel
1410 2327 1669 2372 affluentiam
1693 2330 1759 2372 vel

387 2391 656 2439 insolentiam
681 2394 926 2436 saecularem
954 2409 1096 2453 neque
1124 2397 1285 2439 coelesti
1316 2398 1483 2441 muneri
1504 2413 1759 2458 comparan-

387 2460 482 2503 dam
493 2494 502 2510 ,
513 2477 652 2519 neque
663 2477 808 2506 rursus
824 2463 914 2507 sine
930 2462 1121 2508 remedio
1139 2466 1395 2524 derelinqui,
1410 2482 1510 2512 cum
1526 2470 1759 2528 unicuique

385 2531 438 2588 sit
460 2532 696 2578 subsidium
718 2534 969 2592 poenitendi.
996 2535 1222 2578 Postremo
1251 2538 1388 2595 aperit
1410 2539 1585 2584 coeleste
1602 2532 1758 2600 m'yste-

430 2631 440 2650 ¹
461 2622 484 2666 4
499 2622 578 2668 aeg.
600 2633 648 2664 ιν,
678 2634 729 2669 ²9·
751 2642 793 2652 -
813 2635 828 2652 ·
855 2626 937 2661 Lue-
957 2637 994 2667 x,
1012 2626 1100 2662 8.-
1127 2630 1144 2653 ⁸
1158 2628 1246 2663 Ibid.
1266 2630 1317 2667 ιδ.
1338 2635 1376 2664 et
1387 2638 1459 2679 seq.
