1846 3262
424 263 511 315 304
993 274 1025 303 s.
1064 272 1259 305 sunnosn

418 357 585 417 pudore
616 362 850 404 conventa,
878 354 1114 413 degeneres
1143 353 1314 412 abjurat
1343 353 1560 407 haeredes,
1590 358 1792 404 abdicans

423 438 587 478 motus,
612 440 738 470 exosa
766 433 1008 484 peccatum.
1038 425 1151 468 Caro
1183 440 1353 484 qnoque
1379 426 1572 485 gravium
1594 429 1791 474 laborum

423 499 681 542 dcsoenerata
709 504 848 545 sorte,
877 503 920 538 et
950 511 1080 539 usura
1111 495 1279 553 injuriae
1311 498 1563 542 miserabilis
1594 499 1790 559 fatigata,

421 570 498 612 ubi
513 584 558 612 se
574 567 881 627 cupiditatibus
897 566 984 610 suis
1001 581 1105 625 quas
1132 567 1212 610 sibi
1230 567 1317 626 ipsa
1337 570 1569 627 generavit,
1590 578 1792 630 tanquam

424 639 615 683 sentibus
642 636 792 681 mundi
814 637 953 680 doluit
974 652 1067 680 esse
1092 637 1330 689 confixam,
1356 648 1540 685 veterem
1558 640 1793 687 hominem

423 710 595 755 festinat
616 723 797 758 exuere;
823 717 869 751 ut
889 723 934 750 se
953 707 1035 751 sibi
1054 707 1239 759 auferat,
1265 725 1319 752 ne
1336 710 1617 769 improvidam
1639 727 1794 772 paren·

426 789 512 825 tem
529 779 742 823 successio
760 778 951 838 peritura
968 779 1186 822 destituat.
1207 779 1371 824 Rursus
1387 780 1672 840 cupiditatum
1693 783 1796 827 irra-

425 851 642 895 tionabilis
670 859 836 900 motus,
863 850 983 907 quasi
1020 849 1246 907 cujusdam
1269 851 1417 895 sormae
1438 851 1595 898 decoro
1623 854 1793 906 fucato,

427 920 653 979 voluptatis
672 919 894 964 lenociniis
910 919 1104 962 illectans
1119 952 1131 969 ,
1151 935 1245 963 eam
1269 921 1348 964 sibi
1372 931 1574 980 tanquam
1600 924 1644 967 in
1670 940 1795 969 usum

428 990 642 1035 societatis
673 989 820 1033 ascivit
840 1004 850 1032 z
873 989 927 1032 ita
942 990 1261 1047 velutquaedam
1278 992 1470 1051 corporis
1490 990 1618 1052 at‘que
1643 995 1795 1040 animae

430 1076 564 1105 nurus
585 1061 778 1117 voluptas
799 1059 934 1102 motui
964 1074 1102 1117 pravae
1130 1061 1376 1118 cupiditatis
1398 1063 1581 1109 innubit.

485 1129 647 1173 CXLV.
685 1129 795 1186 Ergo
821 1130 1012 1186 quandiu
1031 1131 1185 1173 mansit
1204 1131 1248 1174 in
1266 1147 1349 1174 una
1367 1134 1519 1187 domo,
1553 1136 1798 1194 conspiran-

429 1203 544 1247 tibus
568 1200 677 1243 vitiis
700 1188 920 1277 individua
937 1201 1315 1260 inseparabilisque
1335 1206 1583 1258 consensio,
1603 1209 1719 1252 nulla
1742 1209 1800 1253 vi-

427 1273 609 1316 debatur
630 1285 721 1314 esse
745 1271 907 1314 divisio.
936 1272 1016 1314 Ubi
1039 1287 1138 1315 vero
1157 1273 1353 1318 Christus
1376 1276 1516 1334 ignem
1538 1292 1624 1336 quo
1642 1278 1798 1324 delicta

430 1342 570 1386 carnis
591 1348 814 1391 exureret,
838 1341 907 1384 vel
929 1342 1117 1399 gladium
1144 1344 1217 1401 qui
1245 1344 1457 1404 significat
1481 1356 1637 1393 exertae
1662 1350 1799 1396 aciem

429 1411 649 1472 potestatis
664 1443 677 1461 ,
700 1425 785 1469 quo
813 1411 986 1470 spiritus
1008 1413 1382 1473 medullarumque
1398 1426 1560 1462 secreta
1575 1427 1801 1478 penetran-

427 1493 524 1535 tur,
541 1483 655 1527 misit
673 1483 716 1526 in
728 1490 860 1526 terras
869 1499 882 1533 ς
904 1492 1007 1526 tunc
1025 1499 1124 1527 caro
1147 1494 1274 1544 atque
1297 1488 1438 1532 anima
1465 1491 1799 1548 regenerationis

430 1555 628 1598 innovata
655 1552 895 1610 mysteriis,
934 1553 1066 1597 oblita
1094 1557 1213 1612 quod
1241 1565 1352 1607 erat,
1386 1558 1537 1616 incipit
1561 1575 1654 1605 esse
1681 1562 1799 1618 quod

429 1639 517 1668 non
537 1631 629 1666 erat
646 1637 658 1667 z
678 1638 725 1666 ac
743 1623 804 1666 sic
824 1623 977 1667 veteris
996 1624 1100 1675 vitii,
1122 1626 1315 1683 quamtis
1331 1628 1410 1672 sibi
1433 1638 1532 1672 ante
1546 1630 1710 1680 dilecti,
1732 1645 1800 1674 so·

432 1697 632 1739 cietatem
657 1694 868 1744 secernit,
889 1704 933 1738 et
957 1696 1077 1753 qnasi
1107 1698 1293 1756 prodigae
1317 1699 1515 1758 copulam
1545 1701 1801 1759 posteritatis

430 1764 649 1814 eliminatz
675 1771 722 1806 ut
746 1764 991 1808 dividantur
1010 1775 1206 1824 parentes
1226 1767 1270 1811 in
1293 1767 1426 1819 filios,
1457 1770 1560 1816 dum
1586 1770 1799 1831 intempe-

432 1850 529 1879 rans
569 1843 714 1878 motus
750 1836 1031 1894 temperantia
1069 1839 1271 1901 corporis*
1295 1841 1544 1892 abdicatur,
1580 1849 1624 1885 et
1643 1843 1799 1887 *anima

433 1905 620 1950 declinat
629 1906 896 1949 consortium
906 1908 975 1950 cul
981 1923 1061 1966 μω,
1081 1923 1161 1952 nec
1172 1910 1364 1955 extraria:
1376 1912 1435 1956 illi
1448 1920 1493 1956 et
1506 1911 1608 1956 soris
1620 1920 1800 1973 sumptae

429 1978 551 2021 locus
567 1984 764 2019 remanet
784 1977 1007 2036 voluptati.

489 2045 675 2090 CXLVI.
713 2045 809 2089 Filii
831 2062 1003 2105 quoque
1023 2049 1066 2092 in
1089 2059 1286 2107 parentes
1312 2052 1578 2103 dividuntur,
1605 2053 1710 2096 dum
1731 2068 1802 2096 re·

429 2117 572 2160 novati
594 2116 779 2159 hominis
800 2131 1025 2162 censuram
1047 2122 1226 2164 senilem
1247 2122 1348 2165 vitia
1372 2131 1539 2167 vetusta
1562 2122 1798 2175 declinant,

427 2187 682 2247 pietatisque
707 2203 903 2232 normam
925 2191 1121 2249 voluptas
1144 2193 1456 2237 adolescentior
1470 2227 1482 2245 ,
1508 2203 1711 2253 tanquam
1730 2210 1801 2239 se-

429 2260 502 2303 riae
527 2259 678 2302 domus
701 2259 856 2318 refugit
882 2260 1169 2320 disciplinam.
1199 2265 1292 2308 Non
1322 2266 1608 2325 incongruum
1630 2279 1800 2325 quoque

427 2339 492 2374 est
514 2330 548 2374 si
570 2338 768 2388 putemus
794 2332 910 2388 quod
930 2341 973 2376 et
995 2334 1062 2376 isti
1089 2335 1185 2378 ideo
1213 2351 1259 2379 se
1289 2336 1506 2387 dividant,
1530 2346 1579 2381 ut
1599 2338 1797 2382 meliores

427 2401 534 2445 fiant
560 2401 831 2459 parentibus;
860 2404 1045 2447 maxime
1073 2420 1174 2449 cum
1202 2407 1243 2449 in
1270 2408 1578 2466 posterioribus
1606 2407 1757 2452 dixerit
1781 2423 1792 2451 τ

428 2472 503 2515 »Si
532 2471 626 2529 quis
651 2473 767 2516 venit
794 2474 848 2516 ad
871 2489 964 2524 me,
996 2483 1039 2518 ct
1069 2491 1155 2519 non
1177 2478 1268 2520 odit
1297 2487 1460 2537 patrem
1490 2488 1564 2523 aut
1590 2486 1794 2530 matrem,

411 2562 444 2587 Δ»
456 2551 531 2587 aut
550 2541 684 2595 filios,
703 2552 748 2588 et
765 2545 940 2596 iratres,
963 2555 1009 2590 et
1021 2562 1210 2599 sorores,
1227 2550 1358 2596 etiam
1375 2559 1421 2595 et
1440 2550 1766 2598 animam-suam
1782 2584 1795 2603 ,
