1800 3268
374 264 429 307 92
924 261 955 288 S·
995 259 1190 288 AMBROSH

372 338 647 398 cognovimus
667 336 916 381 lectionum.
939 336 1180 380 AEdificavit
1195 335 1310 380 enim
1331 337 1539 395 templum
1560 335 1741 383 Astartae

374 409 487 452 idolo
510 416 683 467 propter
706 423 894 451 amorem
923 407 1156 457 mulieris¹,
1181 416 1224 450 et
1246 407 1488 465 indignatus
1514 417 1579 452 est
1601 408 1744 452 Domi·

370 495 450 523 nus
471 479 511 521 in
532 478 817 521 Salomonem.
839 478 882 522 Si
898 479 1040 537 igitur,
1061 479 1226 521 vivente
1241 479 1395 529 David,
1412 493 1591 537 regnare
1613 479 1744 538 coepit

380 550 456 606 (sic
478 550 591 591 enim
609 549 757 598 habes,
777 551 891 608 quod
911 565 1008 593 cum
1026 558 1135 593 esset
1153 550 1398 593 nuntiatum
1416 550 1552 594 David
1568 563 1746 608 regnare

376 621 666 669 Salomonem,
693 621 884 664 adoravit
913 636 986 663 rex
1022 620 1152 663 David
1176 621 1218 663 in
1248 621 1380 664 cubili
1408 635 1501 672 suo,
1536 614 1744 665 et'dixit:

389 708 405 730 α
420 691 679 734 Benedictus
707 692 906 734 dominus
935 691 1049 734 Deus
1082 691 1229 737 Israel.
1252 691 1327 748 qui
1349 691 1468 734 dedit
1488 690 1594 734 mihi
1619 691 1749 735 hodie

377 762 460 804 »de
487 761 646 804 semine
676 777 772 804 meo
803 761 1021 804 sedentem
1055 761 1096 803 in
1129 761 1283 804 throno
1315 770 1498 820 meo.let
1518 761 1632 805 oculi
1663 762 1748 805 mei

379 851 395 870 »
411 832 555 873 vident
567 832 602 890 ²)
626 850 642 872 ι
657 832 690 874 si
705 833 926 882 erraverit,
940 832 973 874 si
991 831 1185 882 offendit,
1196 832 1311 875 vides
1332 831 1533 890 quoniam
1546 831 1750 891 promissi

381 902 510 945 series
530 901 746 945 Christum
765 903 1012 961 spopondit.
1776 891 1779 895 ¹

437 972 493 1016 Χ.
532 973 586 1015 Et
612 973 706 1016 ideo
726 974 827 1016 istos
850 975 955 1021 duos
975 973 1143 1031 generis
1166 981 1363 1016 auctores
1385 972 1655 1031 Evangelista
1681 972 1754 1016 de-

381 1043 516 1100 legit:
542 1059 693 1094 unum,
732 1044 804 1101 qui
837 1044 1092 1102 promissum
1132 1043 1299 1101 accepit
1333 1044 1386 1085 de
1424 1042 1755 1101 congregatione

383 1114 639 1171 populorum
657 1129 667 1157 :
683 1116 880 1162 alterum,
901 1115 973 1171 qui
993 1115 1046 1157 de
1063 1114 1340 1171 generatione
1357 1112 1515 1156 Christi
1530 1113 1755 1156 oraculum

384 1193 639 1227 consecutus
662 1195 739 1228 est.
766 1186 818 1228 Et
844 1186 940 1228 ideo
969 1185 1070 1228 licet
1098 1185 1248 1227 ordine
1271 1184 1325 1227 sit
1347 1183 1632 1227 successionis
1652 1197 1749 1242 pos-

385 1255 530 1303 terior,
555 1256 671 1313 prior
695 1266 835 1299 tamen
852 1271 979 1313 quam
997 1255 1214 1299 Abraham
1232 1255 1274 1297 in
1296 1254 1467 1297 Domini
1483 1254 1757 1312 generatione

386 1326 666 1375 describitur-3
688 1327 783 1384 quia
803 1328 897 1384 plus
913 1335 976 1369 est
994 1325 1249 1383 promissum
1266 1325 1482 1383 accepisse
1495 1325 1551 1368 de
1567 1323 1754 1372 Christo,

385 1410 511 1452 quam
541 1397 594 1439 (le
623 1397 837 1446 Ecclesia3
863 1395 1062 1454 qnoniam
1089 1394 1281 1438 Ecclesia
1302 1395 1391 1453 ipsa
1417 1409 1495 1452 per
1514 1394 1752 1438 Christum.

385 1466 496 1522 Ergo
516 1482 624 1509 unus
642 1468 844 1525 princeps
861 1467 1028 1524 generis
1045 1465 1286 1509 secundum
1303 1479 1498 1514 carnem.
1514 1465 1623 1511 alter
1639 1464 1759 1523 prin-

386 1549 486 1592 ceps
507 1537 672 1593 generis
695 1538 932 1580 secundum
955 1537 1179 1595 spiritum:
1197 1537 1304 1579 alter
1323 1537 1563 1580 secundum
1585 1535 1759 1579 seminis

387 1605 584 1661 gratiam,
615 1606 722 1648 alter
744 1608 980 1649 seeundum
1002 1607 1263 1664 populorum
1287 1603 1445 1655 fidem;
1472 1604 1616 1663 potior
1644 1604 1759 1648 onim

389 1675 459 1732 qui
490 1676 621 1719 salvat
649 1692 700 1719 oo
727 1678 799 1735 qui
834 1679 1032 1720 salvatur.
1064 1676 1118 1718 Et
1140 1676 1237 1719 ideo
1266 1675 1404 1719 David
1427 1674 1540 1719 filius
1573 1675 1758 1719 dicitur:

400 1762 416 1784 α
431 1745 558 1788 Liber
577 1747 860 1804 generationis
878 1747 980 1790 Jesu
1008 1746 1183 1794 Christi,
1202 1745 1277 1788 filii
1299 1745 1478 1789 David³.
1494 1764 1511 1787 ι
1524 1745 1628 1804 Ejus
1647 1746 1763 1790 enim

390 1816 528 1874 primo
547 1818 644 1860 loco
666 1819 814 1861 debuit
837 1817 947 1860 filius
964 1817 1063 1866 diei,
1087 1816 1154 1859 cui
1174 1815 1265 1859 dari
1284 1815 1397 1859 filius
1417 1824 1482 1859 est
1503 1817 1760 1875 promissus;

389 1885 489 1928 licet
518 1876 746 1944 Apostolus
778 1889 905 1930 etiam
936 1887 1120 1931 Abrahae
1146 1885 1365 1929 Christum
1394 1886 1512 1929 dicat
1541 1901 1764 1945 ωυρμ-ο-

390 1951 566 1998 missum
587 1971 597 1998 z
616 1974 631 1995 α
647 1957 829 2000 Abrahae
841 1958 955 2000 enim
972 1958 1098 2000 dictae
1110 1954 1542 2013 suntpromissiones.
1554 1963 1599 2005 et
1613 1955 1765 2000 semini

391 2023 527 2081 »ejus.
563 2024 656 2068 Non
689 2027 792 2068 dicit
816 2040 827 2068 ε
852 2027 904 2069 Ει
932 2025 1182 2075 seminibus,
1208 2032 1413 2081 tanquam
1436 2023 1480 2067 in
1500 2023 1666 2074 multis,
1691 2026 1768 2068 sed

393 2114 408 2133 ι
423 2094 533 2137 sicut
554 2093 596 2137 in
613 2110 724 2139 uno:
742 2097 793 2138 Et
817 2095 967 2139 semini
986 2103 1077 2144 tuo,
1095 2095 1168 2152 qui
1189 2102 1255 2138 est
1275 2092 1491 2137 Christus⁴
1510 2110 1523 2144 ς
1545 2103 1626 2138 »ut
1645 2095 1768 2147 alteri

392 2163 628 2223 proprietas
657 2166 962 2224 generationis.
994 2164 1258 2224 principatus
1287 2163 1411 2208 alteri
1439 2163 1670 2211 deseratur.
1702 2163 1768 2209 llli

395 2235 583 2278 delatum
611 2243 692 2286 est,
726 2245 772 2279 ut
802 2235 928 2280 Jesus
964 2235 1058 2294 ejus
1087 2235 1201 2280 filius
1233 2235 1452 2279 diceretur
1479 2250 1489 2278 z
1513 2235 1617 2279 huic
1646 2235 1768 2294 quasi

395 2304 594 2363 principi,
620 2307 789 2351 familiae
811 2308 1089 2367 gentiumque
1112 2307 1388 2367 praerogativa
1404 2314 1625 2359 servatum
1642 2315 1691 2351 ut
1714 2307 1766 2350 ah

396 2374 611 2420 Abraham
634 2378 919 2436 generationis
938 2378 1174 2422 Dominicae
1201 2387 1398 2423 manaret
1421 2377 1660 2423 exordium.
1681 2377 1768 2431 Qui

441 2527 450 2543 ι
477 2518 496 2549 3
526 2517 602 2558 Reg.
627 2526 685 2551 ιι,
712 2514 757 2553 A.
781 2517 799 2547 5
818 2539 825 2552 .
853 2520 884 2548 et
911 2526 1000 2559 seqq.
1026 2533 1066 2540 —
1089 2523 1100 2539 ·
1119 2513 1138 2546 3
1168 2514 1248 2558 Reg.
1276 2526 1302 2555 ι,
1326 2513 1381 2553 48.
1401 2532 1442 2540 -
1461 2515 1475 2538 ³
1495 2511 1661 2552 Muttini,
1681 2521 1768 2544 ¹.—

401 2577 414 2603 ⁴
430 2574 538 2608 Galat.
559 2582 611 2607 m.
630 2571 679 2603 ιδ.
