1846 3262
405 295 486 340 232
949 306 984 335 s.
1024 305 1216 335 amunosu

402 386 623 432 ducaveris
637 417 650 436 ,
675 384 843 430 audebo
866 393 908 429 et
929 385 1071 429 dicam
1089 418 1100 437 ‚
1126 391 1220 443 post
1242 382 1431 443 quinquo
1457 397 1587 443 pones
1606 391 1650 428 et
1671 392 1767 444 sep-

402 470 489 505 tem
520 459 645 502 tertio
678 457 765 516 jam
803 457 846 500 in
885 465 996 501 terra
1030 471 1116 500 non
1153 454 1434 499 manducabis
1463 469 1617 516 panem
1648 471 1664 507 z,
1694 457 1771 500 scd

400 547 524 590 snpra
552 540 706 574 terram
732 528 1013 573 manducabis
1031 536 1137 592 *octo
1170 542 1324 586 panes,
1358 526 1468 571 sicut
1501 527 1573 586 qui
1603 535 1701 572 sum
1726 526 1769 572 in

399 602 656 646 coelestibus.
689 600 811 646 Sicut
836 600 951 644 enim
983 607 1146 659 septem
1172 613 1323 658 panes,
1354 613 1483 658 panes
1511 597 1664 657 quietio
1683 614 1694 640 :
1713 597 1770 643 ita

397 682 495 718 octo
518 687 649 731 panes
665 706 676 722 ,
694 686 823 729 panes
844 679 944 714 sunt
960 668 1296 714 resurrectionis.
1313 669 1425 728 Ergo
1441 667 1509 714 isti
1520 667 1595 728 qui
1607 677 1771 729 septem

397 745 570 788 aluntur
590 742 795 801 panibus,
823 741 968 785 triduo
987 740 1356 799 perstiterunt¹,et
1369 739 1544 784 sortasse
1564 739 1772 799 integram

397 812 722 856 resurrectionis
743 812 899 856 suturae
919 810 1048 855 fidem
1073 820 1114 855 et
1136 811 1423 855 constantiam
1439 809 1674 856 consecuti.
1691 809 1772 856 De·

396 885 526 942 nique
553 892 803 928 sanctorum
832 899 913 927 vox
933 891 997 927 est
1019 882 1228 926 :cTrihus
1250 883 1401 926 diebus
1428 882 1769 934 ambulabimus,

397 975 414 995 n
430 964 477 998 ut
493 956 720 1013 epulemur
740 954 927 998 Domino
949 954 1040 997 Deo
1065 954 1255 997 nostro'.
1272 972 1288 994 ι
1302 952 1388 998 Sed
1409 953 1479 999 illa
1500 968 1579 998 suo
1593 954 1707 998 loco.

457 1024 661 1069 LXXXI.
702 1024 765 1068 De
800 1024 989 1082 quinque
1027 1039 1128 1082 ergo
1166 1024 1351 1083 panibus
1383 1032 1554 1068 sanctus
1582 1023 1771 1068 «Ioannes

398 1096 545 1150 docuit
573 1111 643 1138 mo
672 1095 788 1153 quod
816 1095 1089 1141 nesciebam.
1114 1094 1230 1152 quod
1257 1110 1342 1138 non
1365 1097 1572 1138 docuerat
1600 1103 1772 1140 sauctus

395 1164 621 1209 Matthaeus
635 1198 644 1212 ,
667 1180 752 1207 non
776 1165 982 1207 docuerat
1000 1173 1172 1208 sanctus
1189 1165 1326 1208 Lucas
1347 1166 1551 1224 (singulis
1567 1165 1681 1209 enim
1704 1166 1772 1210 di-

399 1251 520 1279 versa
550 1235 764 1294 impartita
793 1244 858 1278 est
879 1236 1039 1294 gratia)
1066 1235 1237 1284 docuit,
1261 1236 1454 1294 inquam,
1485 1250 1556 1279 mo
1584 1235 1772 1294 quinque

401 1307 502 1349 istos
524 1320 653 1364 panes
676 1306 939 1349 hordeaceos
957 1305 1125 1356 suisse³3
1149 1306 1300 1349 etideo
1322 1321 1408 1350 non
1426 1307 1571 1366 inopte
1592 1304 1774 1351 diximus

401 1392 542 1420 escam
565 1376 688 1420 istam
711 1392 802 1421 esse
825 1376 1012 1421 habilem
1037 1378 1346 1436 corporalibus.
1376 1379 1463 1423 Cur
1488 1378 1603 1423 onim
1633 1378 1773 1437 primo

401 1447 692 1492 hordeaceos?
716 1448 826 1500 Quia
856 1448 996 1507 primo
1022 1449 1132 1492 lacte
1148 1481 1159 1498 ‚
1190 1449 1344 1492 deinde
1373 1464 1470 1493 esca
1491 1458 1556 1507 cst
1579 1447 1773 1504 nutrien-

403 1520 482 1561 dus
504 1518 576 1575 qui
603 1519 770 1562 accedit
798 1520 851 1562 ad
882 1517 1038 1570 fidem;
1068 1520 1259 1563 nondum
1290 1519 1403 1563 enim
1436 1528 1707 1579 poteramus.
1731 1515 1775 1563 et

402 1590 580 1632 fortasse
603 1590 795 1648 plerique
820 1605 899 1632 nec
921 1590 1061 1634 adhuc
1082 1606 1321 1648 possumus.
1350 1590 1454 1635 Nam
1477 1606 1577 1634 cum
1599 1591 1685 1636 sint
1713 1590 1773 1634 lu-

406 1669 471 1704 ter
489 1676 564 1703 nos
583 1661 878 1705 contentiones
892 1695 903 1712 ,
927 1671 971 1705 et
992 1662 1272 1706 dissensiones
1286 1696 1297 1712 ,
1324 1678 1465 1706 nonne
1493 1663 1686 1714 carnales
1706 1678 1774 1706 su·

406 1748 525 1783 mus,
553 1741 596 1775 et
628 1733 865 1779 secundum
896 1733 1115 1776 homiuem
1147 1733 1447 1776 ambulamus?
1468 1732 1564 1776 Suis
1594 1748 1774 1791 quaeqne

407 1812 544 1862 aptata
569 1812 666 1846 sunt
693 1803 890 1846 alimenta
925 1804 1178 1852 virtutibus
1203 1813 1246 1847 ct
1267 1805 1366 1847 inde
1393 1804 1508 1862 prins
1537 1804 1772 1853 hordeum.

408 1875 563 1917 deinde
588 1874 777 1917 triticum
801 1874 924 1917 nohis
947 1875 999 1918 ad
1026 1874 1269 1917 alimoniam
1296 1876 1424 1918 datur
1447 1890 1458 1917 z
1482 1874 1646 1918 fortiori
1674 1888 1773 1931 vero

408 1946 519 1989 sicut
540 1945 639 1988 Eliae
656 1978 666 1993 ,
692 1945 743 1987 do
765 1945 1038 1989 interioribus
1060 1944 1261 1987 frumenti
1286 1945 1408 2003 panis
1431 1944 1669 1988 farinaceus
1690 1944 1774 1988 mi·

409 2015 652 2066 nistraulr'*,
685 2031 811 2074 quom
841 2031 926 2058 non
950 2025 1111 2073 queunt
1134 2017 1363 2073 depascere
1387 2006 1665 2073 peccatores,

463 2086 684 2130 LXXXII.
723 2086 810 2130 Nec
827 2088 964 2129 solum
984 2086 1102 2144 panis
1124 2094 1166 2128 et
1190 2086 1378 2135 numeri,
1402 2087 1477 2129 sed
1493 2086 1621 2129 etiam
1642 2099 1773 2129 accu-

409 2158 581 2202 bitionis
593 2166 657 2202 est
673 2157 909 2202 differentia
931 2172 940 2199 :
961 2158 1017 2201 illi
1031 2158 1144 2200 euim
1162 2172 1288 2216 supra
1301 2157 1464 2201 soenum
1480 2157 1771 2211 discumbunt,

410 2230 477 2274 isti
490 2244 616 2289 supra
628 2238 782 2272 terram
800 2229 1058 2271 recumbunt
1075 2243 1084 2270 :
1102 2243 1228 2286 supra
1247 2228 1405 2270 soenum
1423 2227 1611 2286 quinque
1622 2227 1772 2279 millia,

410 2316 535 2360 supra
565 2311 725 2344 terram
755 2308 937 2358 quatuor
966 2299 1109 2342 millia.
1143 2299 1241 2342 Plus
1270 2306 1334 2342 est
1363 2308 1519 2342 terram
1550 2313 1772 2358 premere,

407 2388 535 2432 quam
557 2387 681 2430 supra
702 2371 861 2415 soenum
883 2371 1046 2428 jacere3
1073 2370 1261 2413 inienio-1
1285 2370 1440 2428 quibus
1462 2369 1603 2413 adhuc
1625 2384 1773 2413 sensus

410 2454 509 2488 sunt
536 2443 804 2502 corporales,
837 2442 1103 2486 mollioribus
1129 2441 1417 2490 delcetantur,
1446 2450 1489 2484 et
1520 2441 1615 2484 ideo
1645 2456 1773 2500 supra

407 2516 567 2558 smnum
585 2515 844 2557 recumbunt
864 2529 873 2555 :
891 2532 904 2552 ιι
918 2512 1067 2556 Omnis
1086 2513 1198 2555 enim
1220 2528 1317 2554 caro
1336 2511 1538 2556 soenuux⁵z
1554 2530 1570 2552 ι
1589 2512 1654 2556 isti
1673 2526 1772 2555 vero

454 2625 463 2641 ν
491 2615 612 2648 Manli.
628 2625 678 2648 xv,
697 2615 749 2648 52.
766 2632 807 2640 —
825 2623 837 2639 ¹
855 2613 959 2652 Exn-⁴..
982 2625 1014 2654 v,
1028 2615 1058 2647 3.
1075 2633 1115 2639 -
1130 2616 1145 2639 ³
1164 2615 1263 2647 Joan.
1280 2625 1326 2654 vu,
1343 2627 1375 2658 9.
1395 2616 1466 2643 -·⁴
1482 2615 1502 2647 5
1516 2613 1598 2658 neg.
1622 2615 1771 2650 *un-13.

407 2690 448 2697 -
468 2672 482 2693 ⁸
501 2670 578 2704 lsai.
596 2681 650 2710 xm,
667 2670 700 2704 6.
