1800 3268
351 251 365 278 ι
384 237 432 278 ι8
905 249 935 276 ⁸.
977 249 1172 279 aunnosn

345 346 361 367 n
375 341 479 370 num
502 325 603 370 θεῖ’.
617 345 632 365 ι
646 326 728 375 Et,
744 326 1020 385 «Priusquam
1045 327 1150 371 sciat
1172 343 1324 373 vocare
1344 340 1508 388 patrem
1529 342 1603 377 aut
1622 349 1710 380 ma-

345 406 481 439 »trom
499 430 509 444 ,
535 397 714 454 accipiet
740 396 934 439 virtutem
960 399 1179 448 Damasci,
1201 409 1242 442 vt
1264 404 1395 458 spoiia
1420 403 1662 449 Samariae².
1681 423 1698 446 ι

344 468 422 509 liic
446 468 560 509 enim
579 475 641 509 est
658 482 762 524 puer
778 467 900 524 cujus
921 470 1176 512 incunabula
1199 470 1303 529 Magi
1325 474 1469 531 spoliis
1490 474 1710 518 orientali·

343 537 424 580 bus
446 537 757 589 referserunt³3
781 541 877 597 quia
895 556 997 597 gens
1024 550 1120 584 aute
1148 541 1365 585 Christum
1394 544 1631 595 incredula,
1656 547 1711 590 de

346 607 509 652 exuviis
546 607 760 655 idolorum
774 643 786 660 ,
824 619 988 654 mutata
1020 611 1106 668 jam
1142 610 1227 656 fide
1244 645 1257 664 ,
1295 615 1520 660 manubias
1553 616 1711 662 obtulit

343 678 529 737 Domino
555 678 849 737 triumphales.

399 750 446 795 L.
483 751 583 794 Haec
610 751 686 794 tibi
704 784 714 800 ,
736 751 885 802 frater,
912 753 964 795 de
990 754 1264 811 generatione
1300 756 1457 801 Christi
1481 773 1564 802 non
1588 758 1711 804 inco-

342 821 457 879 gnita
481 822 625 879 putavi
648 822 849 880 prolixius
879 826 1199 882 prosequenda5
1232 841 1287 869 ne
1310 827 1406 884 ,quis
1431 842 1529 871 cum
1557 827 1636 873 ista
1667 829 1711 874 in

343 892 573 952 Evangelio
601 893 742 937 minus
776 902 939 937 attento
971 895 1112 939 animo
1145 907 1411 948 recenseret,
1443 900 1711 959 aliquatenus

340 963 570 1013 fluctuaret
591 979 600 1006 :
619 980 713 1022 quae
737 965 873 1008 sancti
901 966 1176 1025 Evangelistae
1200 969 1253 1012 ad
1285 969 1448 1027 majora
1473 971 1681 1017 miracula
1697 1005 1710 1022 ‚

344 1043 387 1078 et
403 1034 608 1082 diviniora
632 1036 802 1079 Domini
819 1044 935 1095 gesta
958 1047 1251 1095 properantes,
1270 1039 1594 1100 perstringenda
1617 1041 1711 1086 bre·

344 1106 461 1160 vius,
481 1121 608 1164 quam
626 1106 902 1150 diffundenda
923 1108 1097 1151 uberius
1115 1118 1389 1167 putaverunt.
1399 1110 1565 1157 *Eorum
1582 1112 1712 1171 igitur

345 1191 488 1226 more,
507 1177 580 1234 qui
599 1177 698 1220 satis
716 1186 866 1236 putant
884 1178 1038 1236 ignaris
1057 1180 1217 1222 viarum
1236 1181 1355 1237 quasi
1371 1184 1709 1240 notasqnasdam

344 1246 507 1290 itineris
527 1255 569 1289 et
589 1247 760 1290 semitas
789 1248 1082 1292 demonstrare
1095 1282 1106 1298 ,
1126 1250 1323 1308 spiritalis
1340 1252 1415 1294 viae
1434 1248 1606 1297 semita·
1626 1255 1711 1299 col-

345 1317 554 1375 ligentes,
585 1317 728 1361 videre
762 1328 904 1362 utrum
936 1322 1126 1363 secundo
1161 1321 1348 1364 veritatis
1379 1331 1560 1375 eventu,
1582 1332 1711 1368 certo

342 1388 539 1447 religioso
562 1389 661 1432 fidei
680 1391 844 1433 ductu
832 1379 875 1433 in
891 1392 1192 1449 mysteriorum
1203 1402 1365 1436 secreta
1377 1393 1704 1459 comae-dimus:

343 1468 538 1502 verentes
559 1475 613 1502 ne
634 1461 727 1518 quis
750 1461 826 1503 ista
847 1476 947 1504 cum
966 1461 1138 1520 legerit,
1163 1466 1277 1521 quod
1300 1445 1628 1523 provet'hnfflm·
1650 1465 1711 1517 di·

345 1528 481 1578 citur‚
501 1530 622 1586 quasi
644 1545 751 1587 puer
771 1531 1052 1582 machaeram,
1077 1542 1260 1576 tractare
1278 1551 1353 1593 per
1373 1535 1600 1585 infantium.
1614 1536 1710 1585 ‚for-

342 1597 398 1639 tia
423 1613 538 1641 arma
561 1600 762 1649 nesciret,
782 1602 1000 1660 magisque
1017 1605 1169 1646 vulnus
1185 1620 1238 1647 ex
1255 1606 1558 1663 imprudentia,
1572 1612 1707 1664 'quam

344 1669 523 1712 salutem
544 1684 596 1712 ex
611 1670 796 1714 lectione
812 1666 999 1716 sentiret.
1024 1673 1221 1717 Infirmos
1237 1676 1352 1719 enim
1370 1677 1453 1720 tela
1470 1692 1545 1721 sua
1564 1678 1709 1722 vulne·

343 1748 463 1789 rant,
489 1756 569 1784 nee
591 1750 731 1800 potest
750 1743 863 1786 hene
880 1744 939 1788 uti
963 1746 1107 1795 armis,
1126 1747 1199 1804 qui
1216 1762 1265 1789 ea
1287 1747 1397 1791 serre
1418 1763 1501 1791 non
1521 1749 1702 1793 noverit.

341 1802 503 1853 Etideo
527 1811 640 1855 circa
659 1811 786 1856 fidem
812 1814 874 1856 vir
896 1816 1109 1873 perfectus
1130 1817 1337 1875 exigitur,
1362 1818 1403 1860 in
1423 1834 1510 1877 quo
1528 1834 1618 1863 non
1632 1834 1709 1877 pet·

341 1879 522 1925 humum
543 1883 730 1926 scientia}
744 1894 880 1943 reptet
897 1885 1097 1936 infantia,
1118 1903 1202 1930 non
1220 1887 1370 1930 debilis
1391 1891 1603 1946 quaedam,
1626 1904 1706 1934 neo

344 1968 493 1997 carens
523 1955 717 1999 sensibus
755 1956 946 2014 mysticae
979 1958 1236 2015 cognitionis
1264 1960 1422 2003 titubet
1448 1968 1577 2009 aetas.
1611 1975 1706 2018 quae

344 2023 500 2067 virtute
536 2024 772 2082 juventutis
805 2027 984 2078 amissa,
1023 2044 1224 2071 coronam
1256 2030 1428 2086 gloriosi
1459 2031 1706 2074 certaminis

340 2108 428 2142 non
444 2096 631 2153 requirat
645 2129 657 2145 ,
677 2104 723 2143 ot
742 2099 1002 2141 senescentis
1030 2100 1179 2157 aquilae
1200 2099 1328 2142 modo
1345 2133 1355 2147 .
1380 2115 1474 2157 quae
1493 2100 1609 2158 prius
1632 2109 1716 2160 ant.

339 2164 530 2222 leporem
568 2179 719 2224 rapere
747 2167 930 2225 pedibus
963 2178 1214 2220 consuerat,
1252 2178 1325 2213 aut
1361 2185 1579 2219 anserem.
1609 2185 1702 2215 aevo
1734 2184 1738 2185 ⁷

338 2233 448 2278 sessa
470 2235 690 2279 minorum
707 2237 846 2281 avium
871 2238 1097 2298 implumes
1116 2241 1244 2284 soetus
1266 2241 1478 2300 requirat,
1501 2241 1575 2300 qui
1599 2240 1702 2286 soli-

336 2305 498 2355 diorem
523 2307 668 2353 cibum
691 2307 842 2352 afferre
857 2325 944 2353 non
965 2312 1143 2369 possint.

385 2408 393 2423 ¹
413 2398 489 2433 Ina!-
505 2409 565 2438 vn,
583 2401 635 2434 ιδ.
651 2418 692 2428 -
711 2409 725 2427 ⁸
742 2401 792 2435 ld.
812 2413 886 2443 vui,
907 2402 988 2440 4.-
1001 2405 1016 2429 ⁵
1030 2402 1152 2438 nauh.
1170 2414 1209 2445 ιι,
1229 2414 1279 2442 ιι.
