1800 3268
382 311 396 338 1
409 294 459 338 52
938 305 968 332 ε.
1011 302 1205 332 nunnoni

375 395 516 430 tantus
540 400 600 434 es,
622 384 696 443 qui
720 396 805 427 non
827 391 952 442 putes
973 397 1065 426 esse
1087 380 1371 426 solvendum?
1390 380 1443 424 Et
1457 374 1539 425 ¹illo
1565 373 1742 424 conium

376 458 499 500 solvit
530 457 601 514 qui
634 455 741 499 nihil
769 454 1095 513 possidebatztu
1120 460 1262 495 autem
1289 452 1361 510 qui
1388 447 1744 507 saeculi-sequeris

374 530 561 577 lucrum,
589 541 667 570 cur
691 526 834 570 saeculi
859 525 1113 583 obsequium
1141 538 1228 566 non
1256 517 1565 593 recognoscas?
1587 520 1679 564 Gur
1701 528 1746 564 te

375 612 501 655 supra
518 597 721 640 saeculnm
738 597 921 663 quadam
940 595 1069 637 animi
1084 593 1322 652 arrogantia
1335 592 1460 644 feres,
1475 605 1575 662 cum
1589 591 1746 636 oaeeulo

375 668 429 711 sis
451 668 603 710 misera
628 667 861 726 cupiditate
880 666 1114 724 subjectus.
1726 691 1731 694 -

434 737 628 781 LXXIV.
665 737 898 781 Penditur'
887 736 1017 796 igitur
1033 734 1283 779 didrachma
1296 767 1308 784 ,
1325 733 1443 792 qnod
1453 741 1547 777 erat
1559 731 1748 792 pretinm

376 818 532 852 nostrae
553 808 859 867 redemptionis
877 816 920 851 et
935 807 1128 867 corporis
1153 809 1242 864 (24)
1254 839 1265 856 ,
1286 805 1329 849 in
1347 805 1458 864 Lege
1475 803 1745 864 promissum,

377 879 422 921 in
443 879 670 938 Evangelio
692 880 979 937 persolutum,
1006 892 1092 921 non
1120 878 1254 921 otiose
1281 877 1323 920 in
1352 891 1427 920 ore
1451 875 1579 934 piscis
1596 874 1750 917 inven-

377 959 500 993 tum.
518 968 534 989 α
550 950 612 993 Ex
638 965 714 993 ore
739 950 853 993 enim
880 958 954 993 tuo
978 947 1323 1007 justificaberis¹.
1344 947 1544 991 »Etenim
1565 939 1750 1005 pretinm

379 1020 712 1063 immortalitatis
755 1028 818 1063 est
868 1020 991 1064 nobis
1033 1028 1178 1063 nostra
1219 1017 1455 1068 consessi03
1497 1017 1598 1089 quia
1639 1016 1752 1059 sicut

381 1090 590 1149 scriptum
613 1099 706 1134 est:
723 1107 740 1130 α
759 1090 846 1134 Ore
868 1089 1078 1135 consessio
1096 1089 1149 1132 fit
1171 1090 1223 1133 ad
1243 1085 1502 1132 salutem&-

441 1160 614 1205 LXXV.
651 1162 705 1204 Et
730 1161 907 1205 fortasse
930 1163 1093 1231 primus
1115 1160 1186 1204 hic
1208 1160 1336 1218 piscis
1358 1152 1538 1219 primns
1546 1166 1610 1203 est
1637 1169 1753 1202 mar-

381 1240 465 1289 tyr,
493 1233 536 1275 in
569 1249 643 1276 ore
658 1235 836 1278 habens
860 1233 1128 1282 didrachma,
1155 1231 1240 1274 hoc
1265 1238 1346 1280 est,
1370 1230 1558 1290 pretium
1578 1236 1747 1274 tensus.

382 1304 642 1349 Didrachma
664 1313 857 1348 nostrum
889 1303 1084 1346 Christus
1111 1311 1189 1345 est.
1215 1301 1412 1344 Habebat
1437 1300 1578 1359 igitur
1590 1299 1755 1359 primus

381 1376 452 1420 ille
481 1384 662 1434 martyr,
694 1375 949 1434 Stephanus·
967 1373 1146 1422 scilicet,
1171 1372 1223 1415 in
1252 1387 1327 1415 ore
1357 1372 1625 1423 thesaurum,
1654 1385 1756 1414 cum

384 1447 603 1491 Christum
626 1447 669 1490 in
692 1447 887 1506 passione
906 1445 1164 1504 loqueretur.
1193 1443 1279 1488 Sed
1300 1452 1566 1488 revertamur
1586 1444 1640 1487 ad
1658 1457 1753 1502 pro·

385 1520 571 1578 positum
593 1516 756 1568 locum,
774 1526 818 1561 et
834 1518 1047 1560 discamus
1070 1515 1346 1575 apostolicam
1367 1504 1668 1558 humilitatem.

457 1607 474 1628 α
490 1591 748 1647 Praeceptor,
772 1587 925 1645 inquit,
949 1581 1174 1645 per'totam
1197 1595 1369 1630 noctem
1388 1582 1759 1630 laborantes‘nihil

392 1678 407 1699 n
421 1660 611 1718 cepimus
626 1661 721 1703 :sed
739 1660 781 1702 in
798 1659 929 1702 verbo
945 1668 1020 1701 tuo
1036 1658 1188 1701 laxabo
1205 1657 1309 1700 retia
1322 1656 1353 1700 ¹.
1374 1674 1392 1697 ι

447 1729 646 1774 LXXVI.
687 1731 739 1773 Et
778 1746 872 1789 ego,
913 1724 1114 1778 Domine,
1155 1728 1242 1771 scio
1278 1727 1377 1785 quia
1413 1741 1499 1770 nox
1531 1725 1638 1769 mihi
1676 1734 1757 1776 est,

391 1803 562 1860 quando
593 1817 678 1844 non
707 1802 906 1861 imperas.
944 1801 1077 1844 Nemo
1108 1799 1247 1843 adhuc
1278 1813 1436 1841 nomen
1467 1811 1592 1841 snum
1619 1797 1759 1851 dedit,

393 1872 533 1916 adhuc
555 1881 728 1915 noctem
754 1872 907 1915 habeo.
935 1871 1026 1915 Misi
1052 1870 1244 1928 jaculum
1273 1870 1390 1912 vocis
1404 1878 1489 1928 'per
1506 1867 1757 1927 Epiphanffn.

393 1951 437 1987 et
461 1944 602 1987 adhuc
624 1944 732 1987 nihil
750 1943 859 2002 cepi.
885 1943 978 1986 Misi
994 1957 1071 2001 per
1094 1941 1205 1985 diem
1222 1973 1234 1993 ‚
1260 1949 1441 1999 expecto
1461 1938 1762 1999 utj‘ubea‘szin

394 2015 524 2058 verbo
546 2022 621 2058 tuo
642 2014 791 2057 laxabo
815 2013 932 2056 retia.
965 2013 1003 2056 O
1030 2026 1163 2055 vacua
1184 2010 1484 2070 praesumptio,>
1498 2025 1524 2052 o
1546 1998 1761 2054 humilitas

393 2084 637 2127 fructuosa!
667 2083 753 2136 Qui
782 2083 890 2125 nihil
922 2090 1043 2124 antea
1074 2089 1303 2139 ceperant.
1327 2079 1601 2140 magnam'in
1629 2071 1762 2124 rerbo

391 2153 566 2197 Domini
596 2154 860 2196 concludunt
883 2152 1068 2211 piscium
1099 2151 1434 2194 multitudinem.
1457 2150 1554 2195 'Non
1574 2150 1660 2196 ‘hoc
1682 2151 1762 2195 vliu·

394 2238 530 2267 manae
548 2223 754 2267 facundiae
776 2238 898 2282 opus,
922 2223 999 2266 sed
1025 2236 1218 2280 supernae
1240 2221 1475 2265 vocationis
1499 2216 1756 2266 cachinnus.

397 2294 568 2339 Cedunt
589 2293 896 2352 disputationes
919 2291 1259 2336 hominum2fide
1280 2307 1353 2335 sua
1375 2293 1497 2351 plebs
1516 2292 1667 2336 credit.
1723 2312 1725 2314 ·

454 2363 669 2409 LXXVII.
705 2365 980 2424 Rumpuntur
1011 2363 1139 2413 retia,
1171 2377 1252 2406 nee
1283 2363 1442 2406 labitur
1469 2362 1640 2423 piscis‘.
1673 2361 1764 2408 Vo-

398 2444 553 2479 cantur
573 2437 626 2479 ad
651 2435 948 2494 adjumentum
971 2434 1094 2485 socii,
1121 2432 1195 2492 qui
1215 2442 1339 2477 erant
1359 2433 1402 2476 in
1420 2434 1499 2477 alia
1521 2432 1629 2477 nari.
1655 2433 1763 2487 Qnae

397 2515 463 2549 est
482 2506 552 2550 ina
574 2506 652 2549 alia
671 2506 804 2556 navis,
830 2506 910 2549 nisi
937 2505 1046 2548 sorte
1066 2504 1231 2555 Judaea,
1259 2519 1312 2548 ex
1337 2519 1420 2563 qua
1436 2505 1620 2548 Ioannes
1630 2513 1682 2548 et
1695 2503 1764 2548 Ja-

402 2578 535 2621 cobus
568 2576 990 2645 eligunturicli'acta
1019 2584 1106 2626 est,
1144 2575 1259 2620 enim
1296 2575 1443 2620 Judaea
1482 2573 1762 2623 sanctificatio

452 2679 460 2696 ¹
484 2669 605 2705 nauh.
624 2681 686 2711 ιιι,
700 2671 754 2715 ³7·
767 2688 809 2698 ·-
828 2680 841 2697 ο
867 2671 961 2705 Rom.
982 2681 1012 2709 x.
1031 2680 1079 2704 ιο.
1100 2686 1140 2697 -
1158 2671 1180 2714 ἠ
1190 2669 1267 2703 Luc.
1283 2679 1315 2710 ν,
1335 2670 1366 2705 5.
1388 2669 1457 2698 —l
1477 2660 1618 2714 lbidssssfi',
1635 2676 1668 2711 7.
