1800 3268
375 321 389 346 1
400 305 453 346 56
933 315 964 342 s.
1005 313 1199 344 annnosn

368 395 436 438 illa
463 393 617 437 silentii
641 406 767 435 causa
785 400 849 435 est
870 391 1082 450 imperati,
1105 392 1222 450 quod
1242 393 1439 438 meliores
1459 392 1637 454 putabat
1658 394 1732 456 qui

366 465 448 508 fide
472 464 602 523 magis
623 472 872 522 spontanea,
896 467 1023 521 quam
1047 463 1120 521 qui
1147 465 1324 522 speratis
1349 465 1568 510 beneficiis
1594 466 1732 511 credi-

365 537 535 579 dissent.

423 607 492 650 V1.
530 606 696 650 Offerre
713 615 855 656 alutem
870 607 989 665 juxta
1004 608 1160 667 Legem
1177 624 1222 652 se
1237 607 1485 667 praeeipitur
1499 607 1727 658 sacerdoti,

363 692 448 719 non
471 686 518 719 ut
539 677 667 720 alium
691 677 851 721 deserat
866 692 876 720 ε
889 679 964 721 sed
981 686 1026 721 ut
1043 693 1087 721 se
1105 679 1243 737 ipsum
1261 678 1351 722 Deo
1367 676 1519 722 offerat
1541 676 1730 740 spiritale

363 747 617 792 sacrificium
628 765 641 798 ;
677 757 724 791 ut
757 756 875 792 actus
914 749 1116 807 praeteriti
1157 749 1403 794 colluvione*
1433 748 1618 797 detersa.·
1652 762 1730 806 per

362 816 646 878 cognitionem
677 818 776 863 fidei
806 829 848 863 et
877 820 1092 879 sapientiae
1113 820 1380 880 disciplinam
1406 819 1621 878 placitura
1636 818 1739 863 Deo*

359 891 496 933 hostia
513 901 788 934 consecretur
806 906 816 933 z
831 909 848 931 α
867 891 1017 935 Omnis
1041 892 1154 934 enim
1172 891 1344 934 victima
1360 891 1447 934 sale
1462 889 1639 933 salietur
1651 887 1683 932 ¹.
1700 906 1717 930 ι

362 951 482 994 Unde
501 959 544 994 et
563 951 718 994 Paulus
740 952 797 994 nit
816 966 825 994 :
843 969 860 991 ι
875 951 1068 995 Obsecro
1089 966 1190 1010 ergo
1212 965 1303 1002 vos,
1323 951 1490 1001 fratres,
1515 964 1591 1008 per
1606 949 1730 992 mise-

359 1040 375 1062 a
389 1023 615 1066 ricordiam
641 1023 743 1073 Dei,
768 1030 815 1066 ut
837 1023 1069 1067 exhibeatis
1093 1038 1274 1082 corpora
1293 1015 1432 1067 vestra
1453 1020 1638 1066 hostiam
1663 1026 1737 1064 ac·'

359 1110 374 1131 n
389 1094 662 1151 captabilem,
687 1095 924 1152 placentem
945 1094 1036 1137 Deo
1046 1094 1078 1138 ².
1102 1112 1118 1134 ι

419 1163 506 1206 Vll.
545 1163 681 1207 Simul
701 1164 807 1208 illud
829 1165 1046 1214 mirabile,
1070 1165 1186 1222 quod
1207 1179 1258 1207 eo
1282 1163 1444 1208 sanavit
1463 1177 1620 1222 genere
1640 1176 1726 1221 quo

357 1235 495 1278 suerat
524 1235 783 1278 obsecratus.
803 1254 819 1275 α
837 1235 881 1278 Si
903 1236 977 1286 vis,
1010 1244 1130 1294 potes
1156 1251 1226 1279 me
1248 1236 1478 1297 mundaret
1508 1233 1637 1285 Volo,
1658 1233 1728 1277 in·-

358 1324 374 1345 »
388 1305 494 1362 quit,
516 1305 736 1349 mundare.
759 1306 929 1349 »Habes
951 1306 1231 1357 voluntatem,
1256 1306 1389 1350 habes
1405 1305 1534 1350 etiam
1554 1303 1724 1364 pietatis

356 1377 572 1421 effectum.
593 1396 608 1417 a
623 1378 676 1420 Et
697 1379 928 1421 extendens
946 1393 1135 1428 manum,
1165 1378 1303 1436 tetigit
1316 1378 1451 1422 illum.
1473 1376 1589 1422 »Lex
1607 1368 1734 1434 tangi*

356 1448 544 1506 leprosos
565 1447 788 1506 prohibet⁸
808 1450 907 1492 :sed
930 1448 1000 1506 qui
1023 1448 1231 1491 Dominus
1253 1448 1378 1507 Legis
1396 1455 1482 1499 est,
1505 1446 1726 1491 nonobse-

353 1518 498 1575 quitur
514 1518 639 1577 Legi.
665 1519 741 1562 sed
762 1519 917 1577 Legem
940 1519 1052 1563 facit.
1082 1519 1176 1564 Non
1197 1534 1298 1579 ergo
1322 1519 1484 1578 tetigitg
1507 1517 1605 1581 quia
1630 1517 1724 1561 sine

356 1597 471 1632 tactu
491 1589 701 1633 mundare
717 1605 802 1632 non
821 1591 1094 1648 poteratzsed
1106 1599 1153 1633 ut
1169 1591 1370 1650 probaret
1386 1589 1734 1649 quia’subJectus'

354 1674 439 1702 non
461 1668 553 1703 erat
575 1660 698 1718 Legi,
731 1676 810 1704 nec
840 1661 1083 1719 contagium
1108 1661 1306 1714 timebat,
1328 1670 1376 1704 ut
1397 1660 1595 1704 homines
1614 1674 1627 1703 τ
1645 1660 1722 1703 sed

352 1730 448 1788 quia
474 1721 756 1775 contaminari
784 1747 867 1775 non
894 1741 1084 1791 poterat,
1106 1733 1179 1790 qui
1201 1733 1303 1776 alios
1324 1731 1566 1776 liberabat:
1590 1729 1722 1775 simul

351 1818 375 1844 e
411 1803 622 1845 contrario
659 1803 776 1860 lepra
810 1811 927 1846 tactu
957 1803 1129 1846 Domini
1161 1802 1395 1861 fugaretur,
1429 1815 1524 1860 quae
1555 1799 1720 1844 solebat

352 1874 645 1916 contaminare
668 1881 926 1931 tangentem.
1587 1884 1589 1886 ’
1732 1881 1734 1887 “

413 1944 443 1986 V
450 1944 517 1987 111.
552 1944 788 1989 Ostendere
811 1954 950 1988 autem
970 1961 1014 1987 se
1031 1943 1240 1988 sacerdoti
1255 1942 1476 2002 jubetur⁴.
1501 1951 1545 1987 et
1563 1939 1719 1985 offerre

351 2031 428 2074 pro
446 2015 749 2058 emundatione
769 2031 864 2064 sua5
889 2025 939 2059 ut
965 2016 1066 2058 dum
1089 2014 1216 2058 offert
1236 2029 1282 2057 se
1303 2012 1542 2063 sacerdoti,
1565 2011 1729 2078 intelli-y

350 2093 467 2144 geret
484 2088 680 2129 sacerdos
703 2102 788 2129 non
810 2087 931 2145 Legis
954 2075 1129 2135 ordine.
1147 2087 1222 2129 sed
1238 2084 1315 2128 Dei
1334 2084 1468 2143 gratia
1486 2097 1613 2143 supra
1634 2083 1716 2127 L'e-

351 2171 446 2215 gem
468 2171 559 2199 esse
580 2164 778 2199 curatum
801 2171 811 2199 :
834 2166 877 2200 et
897 2159 999 2200 dum
1021 2157 1227 2200 mundato
1255 2155 1377 2213 jubet
1397 2152 1552 2198 offerre
1581 2152 1716 2197 sacri*-

350 2225 496 2269 ficium
523 2227 758 2269 secundum
781 2235 1042 2287 praeceptum
1058 2226 1218 2285 Moysi,
1238 2225 1485 2269 ostenderet
1505 2224 1730 2293 Dominus]

349 2297 447 2355 quia
476 2296 632 2356 Legem
658 2313 744 2340 non
770 2299 977 2347 solveret,
1009 2299 1083 2342 sed
1108 2297 1305 2356 impleret
1331 2311 1342 2340 ε
1368 2296 1441 2355 qui
1472 2295 1722 2340 seeundum

350 2367 506 2428 Legem
534 2369 730 2428 gradiens
745 2401 756 2422 ,
782 2385 910 2428 supra
929 2369 1089 2428 Legem
1117 2384 1266 2413 sanare
1296 2384 1370 2412 eos
1394 2382 1501 2427 quos
1522 2352 1726 2411 remedia'

350 2438 473 2498 Legis
494 2454 581 2482 nou
607 2449 872 2491 sanaverant,
899 2440 1126 2484 videretur.
1152 2440 1205 2484 Et
1226 2441 1341 2484 bene
1361 2439 1548 2484 addidit:
1564 2435 1712 2483 dsicu't

397 2555 406 2570 ¹
441 2553 546 2588 Marc.
575 2565 619 2590 nx.
642 2554 698 2598 ⁴9·
729 2569 768 2581 -
794 2560 807 2580 ⁸
839 2554 938 2588 Rom.
962 2564 1030 2594 ιιι,
1054 2563 1085 2590 ι.
1108 2571 1150 2582 —-
1173 2556 1190 2579 ⁸
1218 2555 1326 2590 nevit.
1349 2566 1439 2596 nu,
1463 2554 1496 2590 ³.
1519 2571 1563 2581 -
1585 2558 1600 2583 ⁴
1627 2555 1710 2590 Ine·

350 2606 384 2636 v,
411 2598 463 2637 14.
