1846 3262
375 260 457 303 332
923 272 956 300 s.
995 270 1190 301 suanosu

374 359 413 394 te
436 366 519 393 non
542 349 721 409 recipiat
745 364 755 392 :
777 366 793 388 α
816 348 910 393 Non
940 348 1054 391 enim
1088 349 1324 392 delectatur
1355 348 1471 392 Deus
1495 342 1735 408 perditione

373 420 617 465 »vivorum¹
644 436 685 462 ε»
726 419 865 463 Etiam
886 434 1117 463 occurrens
1153 419 1335 463 venienti
1352 419 1429 464 tibi
1456 421 1581 464 cadet
1608 435 1735 480 supra

373 494 531 536 collum
550 508 559 535 :
578 511 593 531 α
622 491 829 535 Dominus
865 491 977 534 enim
1003 490 1126 550 erigit
1146 489 1323 534 allisos².
1341 509 1357 531 »
1386 491 1595 535 Osculum
1617 490 1738 535 dabit

372 565 487 622 quod
509 572 572 606 est
603 563 754 621 pignus
777 561 941 621 pietatis
983 570 1026 604 et
1062 561 1230 604 amoris.
1276 561 1436 605 Stolam
1451 594 1464 612 ,
1501 562 1705 608 annulum
1723 594 1736 614 ‚

374 636 660 678 calceamenta
689 632 865 692 proferri
893 632 1073 690 jubebit.
1103 633 1168 676 Tu
1191 632 1548 690 adhucinjuriam
1566 632 1736 683 metuis,

380 706 450 748 ille
473 703 657 747 restituit
679 704 927 762 dignitatem
955 718 965 745 ε
988 711 1034 746 tu
1055 702 1310 762 supplicium
1328 702 1507 752 vereris,
1526 702 1598 747 ille
1618 716 1741 746 oscu-

376 777 465 819 lum
484 774 620 818 desert
641 789 652 816 :
678 783 725 817 tu
746 774 987 817 convicium
1012 773 1160 823 times,
1189 775 1369 817 adornat
1390 774 1460 817 ille
1480 764 1736 817 conrivium.

380 845 464 889 Sed
479 845 565 903 jam
589 845 723 904 ipsam
744 844 987 903 parabolam
1010 844 1299 888 discutiamus.

453 916 617 959 «Homo
639 915 814 973 quidam
842 914 991 958 habuit
1012 916 1118 958 duos
1137 913 1269 965 filios,
1293 924 1337 958 et
1358 914 1463 959 dixit
1490 914 1550 959 illi
1576 915 1743 959 adoles-

382 986 577 1030 »centior
599 1001 609 1029 :
634 986 697 1029 Da
720 985 822 1028 mihi
846 986 1085 1043 portionem
1118 983 1408 1029 substantiae¹.
1431 1002 1449 1027 s

443 1057 632 1101 CCXIII.
671 1055 800 1111 Vides
827 1058 943 1114 quod
964 1057 1152 1100 divinum
1171 1056 1477 1114 patrimonium
1500 1054 1745 1116 petentibus

383 1129 520 1171 datur.
542 1128 628 1172 Nec
644 1136 765 1187 putes
774 1129 942 1187 culpam
954 1128 1083 1186 patris
1096 1160 1107 1178 ‚
1126 1130 1241 1186 quod
1257 1128 1583 1172 adolescentiori
1595 1127 1713 1172 dedit
1732 1141 1744 1171 ε

382 1201 499 1244 nulla
528 1199 607 1243 Dei
639 1215 769 1258 regno
795 1198 962 1242 infirma
987 1209 1112 1250 aetas,
1147 1214 1227 1242 nec
1262 1198 1366 1242 fides
1387 1207 1586 1257 gravatur
1608 1198 1742 1243 annis.

382 1272 476 1330 Ipse
494 1279 609 1314 certe
623 1287 666 1314 se
681 1271 888 1329 judicavit
910 1271 1109 1314 idoneum
1121 1271 1192 1329 qui
1207 1270 1414 1330 poposcit.
1431 1270 1571 1329 Atque
1582 1269 1746 1313 utinam

383 1358 469 1387 non
496 1343 736 1386 recessisset
757 1358 779 1386 a
797 1351 917 1401 patre
933 1377 943 1391 ‚
975 1343 1330 1401 impedimentum
1353 1342 1556 1386 nescisset
1575 1341 1709 1386 aetatis
1733 1355 1744 1384 τ

383 1415 456 1457 sed
468 1422 743 1473 posteaquam
763 1415 937 1457 domum
950 1414 1130 1472 patriam
1148 1413 1447 1472 derelinquens
1459 1427 1636 1472 peregre
1650 1425 1751 1472 pro-

384 1485 519 1529 fectus
529 1496 593 1528 est
604 1519 615 1536 ,
633 1485 762 1544 coepit
777 1500 915 1542 egere.
937 1485 1087 1528 Merito
1097 1501 1197 1544 ergo
1207 1485 1401 1545 prodegit
1417 1483 1722 1543 patrimonium
1733 1514 1747 1533 ‚

385 1557 458 1615 qui
477 1557 651 1600 recessit
671 1557 723 1599 ab
746 1556 949 1600 Ecclesia.
974 1556 1254 1614 Posteaquam
1273 1558 1469 1600 domum.
1491 1556 1652 1614 inquit,
1672 1570 1749 1614 pa·

385 1628 506 1671 triam
532 1627 852 1685 derelinquenS,

458 1699 665 1757 «Peregre
693 1699 909 1757 profectus
931 1698 1052 1742 estin
1084 1699 1301 1757 regionem
1323 1695 1640 1756 longinquam⁴.
1663 1713 1680 1736 ι

450 1769 636 1813 CCXIV.
677 1771 792 1822 Quid
813 1770 925 1813 enim
964 1771 1234 1829 longinquius
1255 1785 1381 1828 quam
1404 1785 1426 1812 a
1447 1785 1492 1812 se
1528 1769 1749 1818 recedet-03

389 1855 467 1883 nec
491 1841 735 1899 regionibus
750 1874 760 1889 ,
791 1843 865 1884 sed
897 1841 1088 1884 moribus
1110 1840 1294 1899 separari
1315 1855 1325 1883 :
1347 1840 1498 1883 studiis
1518 1839 1751 1884 discretum

388 1926 499 1962 esso,
519 1927 602 1954 non
622 1912 744 1954 terris
758 1944 770 1961 ,
787 1920 830 1954 et
846 1912 962 1970 quasi
982 1912 1186 1955 interfuso
1206 1910 1381 1955 luxuriae
1397 1909 1609 1954 saecularis
1623 1917 1749 1959 aestu.

389 1983 566 2026 divortia
590 1983 748 2026 babere
780 1983 1017 2026 sactorum?
1038 1983 1206 2027 Etenim
1229 1984 1299 2041 qui
1322 1998 1367 2026 se
1388 1997 1409 2025 a
1437 1981 1606 2025 Christo
1630 1995 1753 2040 sepa-

390 2063 478 2103 rat,
505 2056 602 2097 exul
618 2062 682 2096 est
698 2054 843 2111 patriae
859 2087 870 2103 ,
894 2055 995 2097 civis
1015 2063 1079 2097 est
1095 2054 1258 2096 mundi.
1278 2072 1294 2093 «
1311 2052 1397 2096 Sed
1414 2068 1492 2096 nos
1505 2067 1592 2096 non
1603 2066 1754 2096 sumus

388 2143 405 2165 »
419 2124 589 2167 advenae
611 2134 738 2182 atque
760 2125 996 2183 peregrini,
1026 2128 1099 2168 sed
1123 2126 1233 2168 cives
1256 2140 1401 2169 sumus
1418 2132 1663 2168 sanctorum
1677 2155 1690 2173 ‚
1711 2129 1756 2166 et

389 2214 406 2236 ι
421 2196 641 2239 domestici
667 2196 765 2239 Dei⁶
785 2213 795 2244 ;
822 2215 837 2235 ι»
863 2197 946 2248 Qui
978 2197 1092 2240 enim
1114 2212 1283 2239 eramus
1306 2198 1430 2255 longe
1445 2229 1456 2246 ,
1485 2194 1587 2239 sacti
1608 2209 1754 2238 sumus

389 2280 522 2324 prope
544 2265 585 2308 in
610 2266 811 2324 sanguine
840 2265 1029 2309 Christi⁶.
1055 2266 1147 2310 Non
1172 2267 1434 2310 invideamus
1451 2266 1505 2309 de
1523 2264 1755 2324 longinqua

390 2337 562 2395 regione
574 2338 861 2380 remeantibus
875 2354 887 2387 ς
908 2337 1006 2395 quia
1022 2346 1065 2380 et
1079 2352 1155 2380 nos
1173 2337 1330 2379 suimus
1348 2337 1390 2380 in
1406 2336 1578 2395 regione
1592 2335 1756 2394 longin-

391 2422 498 2465 qua,
521 2407 630 2451 sicut
650 2407 792 2451 Esaias
816 2410 942 2451 docet
963 2408 1108 2451 dicens
1133 2423 1143 2449 :
1169 2407 1280 2460 «Qui
1303 2407 1506 2451 sedebant
1523 2405 1568 2449 iu
1584 2405 1755 2464 regione

393 2497 408 2519 ι
422 2478 585 2522 umbrae
607 2479 754 2521 mortis
767 2512 778 2527 ,
802 2480 874 2522 lux
885 2487 975 2522 orta
988 2487 1052 2522 est
1071 2477 1192 2521 illis⁷.
1217 2497 1231 2518 ι
1244 2477 1376 2537 Regio
1386 2492 1487 2536 ergo
1498 2476 1726 2535 longinqua
1741 2506 1752 2524 ,

441 2579 449 2595 ¹
467 2570 544 2614 Sap.
565 2581 589 2609 ι,
611 2571 660 2603 13.
676 2589 716 2595 —
734 2581 745 2595 ·
768 2571 851 2604 Fsal.
867 2582 960 2606 cnm.
976 2571 1011 2604 8.
1029 2589 1070 2596 —-
1086 2571 1102 2595 ³
1119 2571 1195 2603 Luc.
1216 2582 1285 2611 xiv,
1306 2581 1358 2611 n,
1378 2581 1426 2603 ιι.
1446 2587 1487 2595 -—
1509 2567 1632 2602 ⁴1bid.
1649 2566 1699 2600 13.
1714 2584 1755 2592 —

395 2627 411 2651 Β
430 2625 551 2669 Ερὴω.
570 2636 607 2665 n,
635 2637 684 2670 ¹9·
703 2645 744 2652 —-
762 2626 880 2660 ⁸1bid.
901 2629 953 2662 ιδ.
967 2645 1007 2652 -
1034 2626 1139 2661 'lsai
1162 2638 1210 2667 ix,
1226 2638 1257 2660 2.
