1846 3262
426 290 510 338 388
703 327 705 329 .
972 305 1003 335 ι.
1044 301 1240 357 μωιιοειι

422 386 571 431 Petrus
599 386 652 428 ad
684 381 956 434 Cornelium,
983 384 1139 428 Paulus
1168 385 1222 429 ad
1241 384 1468 443 reliquos¹.
1495 381 1550 430 Et
1573 383 1671 430 ideo
1697 376 1786 431 nen

424 472 627 517 personas
660 456 916 514 designavit,
951 457 1025 499 sed
1060 472 1290 523 numerum
1329 456 1520 502 definivit
1532 474 1546 509 3
1582 467 1727 503 tamen
1756 459 1792 503 si

424 531 518 589 quis
544 537 606 573 est
626 528 698 586 qui
724 543 927 587 personas
943 528 1107 586 exigat,
1131 537 1270 587 potest
1294 529 1504 574 aestimare
1524 530 1579 575 de
1596 530 1792 590 Philippo

418 615 547 658 quem
575 599 756 658 Spiritus
778 598 892 652 misit
919 598 962 641 in
985 598 1188 650 Gazam²,
1213 602 1385 658 quando
1407 600 1615 645 Candacis
1637 600 1793 659 reginae

422 671 653 730 baptizavit
669 671 915 714 eunuchum
927 708 940 722 ‚
958 678 1000 713 et
1017 670 1067 713 ab
1080 670 1218 714 Azoto
1235 671 1279 714 in
1299 671 1534 716 Caesaream
1551 687 1629 731 per
1644 687 1792 716 omnes

423 743 614 786 civitates
638 743 816 786 verbum
839 741 1010 785 Domini
1034 742 1271 786 seminavit.
1299 742 1387 788 Nec
1408 743 1515 787 illud
1536 752 1792 803 praetereun-

423 815 526 858 dum
548 815 663 872 quod
688 828 789 856 mox
809 812 1088 856 remittendos
1109 813 1258 857 asserit
1271 830 1284 864 ;
1316 813 1415 872 quia
1438 814 1649 873 dirigendi
1670 823 1794 859 erant

426 886 498 945 qui
521 885 753 930 Dominum
775 885 919 929 Jesum
948 885 990 928 in
1013 884 1172 928 finibus
1192 886 1384 943 gentium
1402 885 1697 945 praedicarent.

482 957 594 1002 VIII.
633 958 696 1000 Illi
713 972 813 1016 ergo
837 957 988 999 directi
1012 972 1111 1000 cum
1130 959 1342 1000 solverent
1368 958 1534 1016 pullum
1550 992 1562 1009 ,
1582 957 1793 1016 numquid

426 1028 512 1071 suis
532 1028 673 1071 verbis
699 1027 762 1070 usi
794 1027 925 1070 sunt?
946 1027 1119 1071 Minime
1139 1044 1148 1069 ε
1170 1029 1244 1071 sed
1274 1028 1472 1073 dixerunt
1498 1029 1609 1073 sicut
1631 1029 1794 1073 dixerat

426 1100 508 1142 illis
530 1098 700 1148 Jesus⁸3
724 1106 773 1142 ut
794 1113 997 1156 agnoscas
1020 1100 1136 1156 qnod
1164 1114 1250 1143 non
1278 1115 1354 1142 suo
1380 1114 1600 1155 sermone,
1620 1101 1696 1144 sed
1715 1099 1794 1144 Dei

421 1170 579 1219 verbo;
610 1161 696 1212 nec'
712 1168 884 1227 proprio
900 1201 911 1218 ,
937 1170 1010 1212 sed
1029 1169 1186 1212 Christi
1209 1170 1383 1213 nomine
1397 1168 1526 1213 fldem
1544 1170 1713 1230 populis
1734 1170 1795 1214 in-

421 1238 573 1282 fudere
604 1239 856 1298 gentilibus,
893 1247 1020 1298 atque
1054 1239 1301 1284 adversariae
1333 1248 1564 1300 potestates
1588 1255 1683 1300 quae
1714 1240 1794 1285 sibi

422 1312 645 1356 nationum
667 1311 871 1369 obsequia
894 1311 1195 1363 vindicabant,
1219 1314 1422 1357 mandato
1443 1328 1612 1358 cessere
1631 1314 1788 1357 divino.

479 1383 556 1427 IX.
595 1384 717 1427 Unde
737 1391 780 1426 et
802 1382 996 1442 Apostoli
1017 1384 1189 1443 propria
1212 1383 1384 1428 Christo
1409 1385 1660 1429 vestimenta
1674 1385 1794 1428 subs-

422 1454 646 1505 ternunt¹⁶,
676 1454 762 1497 sive
785 1469 870 1512 quo
893 1454 992 1498 facti
1018 1455 1197 1514 gloriam
1221 1456 1464 1515 evangelica
1492 1456 1793 1516 praedicatione

423 1525 674 1583 praeferrent
697 1540 707 1567 :
733 1525 777 1567 in
801 1523 1034 1583 Scripturis
1060 1526 1175 1570 enim
1199 1526 1352 1570 divinis
1384 1528 1640 1587 plerumque
1660 1527 1793 1571 vesti-

422 1604 566 1639 menta
586 1596 763 1639 virtutes
780 1605 904 1645 sunt,
923 1611 1018 1653 quae
1037 1596 1228 1655 gentium
1247 1598 1448 1642 duritiam
1469 1599 1513 1642 in
1531 1598 1794 1657 aliquantum

424 1665 597 1724 propria
627 1680 798 1723 quoque
822 1665 978 1709 virtute
1007 1666 1247 1717 mollirent:
1287 1676 1335 1712 ut
1367 1667 1575 1713 inoffensa
1609 1677 1793 1713 vecturae

419 1736 555 1781 felicis
582 1737 785 1794 obsequia
815 1737 972 1780 sedulis
1005 1737 1228 1782 affectibus
1254 1739 1522 1784 exhiberent.
1554 1739 1651 1785 Non
1677 1740 1794 1784 enim

424 1807 576 1851 mundi
596 1807 828 1851 Dominum
845 1808 1002 1852 forensi
1023 1809 1164 1867 specie
1181 1810 1337 1868 gestari
1353 1810 1480 1855 dorso
1502 1811 1629 1856 asinae
1647 1811 1794 1855 delec-

429 1878 534 1922 tavit
561 1895 571 1920 :
600 1879 676 1922 sed
701 1887 750 1922 ut
776 1879 936 1923 latente
957 1880 1161 1938 mysterio
1194 1881 1427 1939 penetralia
1456 1889 1611 1927 nostrae
1638 1882 1794 1928 mentis

425 1949 704 1999 insterneret,
742 1957 786 1993 et
814 1949 859 1993 in
895 1951 1068 1994 secretis
1098 1951 1339 1996 animorum
1369 1953 1570 1998 interiore
1594 1947 1794 1998 consessu

424 2019 633 2078 mysticus
653 2028 800 2063 vector
823 2019 1050 2072 insideret,
1075 2022 1195 2079 quasi
1216 2025 1402 2081 quodam
1423 2039 1608 2084 corpore
1626 2025 1795 2070 Divini-

427 2090 524 2135 tatis
539 2090 704 2134 infusus
718 2123 731 2141 ,
750 2106 902 2150 regens
925 2092 1081 2136 mentis
1097 2093 1286 2153 vestigia,
1305 2094 1497 2139 lascivias
1514 2095 1653 2139 carnis
1669 2095 1795 2140 infue-

424 2176 531 2206 nans
546 2178 558 2212 3
576 2170 626 2205 ut
644 2161 777 2204 ductu
796 2161 967 2220 pietatis
984 2172 1197 2208 assuetum
1217 2165 1365 2224 populi
1386 2166 1554 2223 gentilis
1571 2168 1812 2228 edomaret*

425 2231 641 2276 affectum.
664 2231 831 2276 Felices
847 2232 962 2288 illos,
979 2233 1052 2292 qui
1070 2234 1196 2278 talem
1211 2235 1389 2280 internis
1401 2236 1575 2282 renibus
1590 2253 1793 2299 recepere

394 2356 404 2364 ·
422 2311 640 2347 vectorem
655 2304 666 2346 1
683 2303 847 2347 Felices
869 2305 995 2363 plane
1016 2305 1134 2355 illos,
1153 2320 1337 2363 quorum
1353 2321 1429 2352 ora
1447 2323 1504 2352 ne
1518 2309 1791 2368 multiloquio
1840 2344 1845 2349 .

426 2375 714 2426 solverentur,
736 2375 854 2419 verbi
881 2376 1064 2421 coelestis
1084 2377 1250 2422 habena
1277 2379 1518 2425 restrinxit!

487 2443 543 2489 Χ.
567 2444 676 2498 Quae
694 2450 758 2489 est
776 2446 852 2490 ista
870 2446 1054 2498 habena,
1075 2447 1256 2493 fratres?
1273 2449 1379 2503 Quis
1389 2466 1459 2496 me
1475 2452 1628 2497 doceat
1646 2467 1793 2512 quem·

425 2514 658 2559 admodum
676 2530 749 2559 era
770 2516 995 2562 hominum
1015 2526 1087 2563 aut
1102 2519 1349 2577 restringat,
1372 2531 1445 2567 aut
1471 2521 1636 2567 solvat?
1655 2523 1793 2568 Mons·

473 2623 485 2640 ¹
514 2617 589 2651 Act.
608 2626 643 2658 x,
661 2616 716 2655 23,
731 2621 765 2653 et
793 2628 867 2657 nn.
885 2618 972 2654 8.-
995 2629 1010 2646 ¹
1032 2619 1086 2656 ld.
1112 2630 1186 2660 vni,
1207 2621 1261 2659 26.
1285 2641 1325 2649 -
1349 2624 1363 2647 ³
1382 2623 1463 2659 Luc.
1486 2622 1611 2665 man
1630 2629 1664 2659 et
1679 2622 1732 2666 34.
1750 2642 1791 2652 -

422 2671 440 2702 4
464 2670 554 2706 Ibid.
578 2671 635 2712 5⁵,
652 2671 708 2707 36.
