1846 3262
362 289 445 334 ι368
925 303 956 329 s.
997 303 1190 332 sunnosu

354 378 527 435 quinon
545 386 764 436 cogerent,
788 380 864 422 sed
880 380 1086 423 docerent
1104 395 1115 423 ε
1135 395 1216 424 nec
1233 388 1466 440 potestates
1483 390 1722 431 exererent.

365 450 439 491 sed
466 448 704 491 doctrinam
722 449 973 494 humilitatis
992 452 1246 494 attollerent.
1270 452 1368 504 Quo
1385 453 1479 496 loco
1495 452 1727 497 humilitati

363 519 525 577 putavit
547 519 673 562 etiam
695 520 944 578 patientiam
963 523 1275 580 copulandam:
1300 522 1396 580 quia
1420 524 1510 582 ipse
1528 538 1722 583 quoque,

365 585 482 646 juxta
512 589 804 633 testimonium
829 592 965 642 Petri,
986 607 1084 635 cum
1108 594 1463 644 malediceretur,
1482 610 1568 638 nou
1589 610 1731 638 rema-

364 659 535 703 ledixw.
552 675 562 702 ε
583 675 681 704 cum
699 670 1014 719 percuteretur,
1030 677 1114 706 non
1136 664 1407 723 repercussit.
1433 665 1524 708 Hoc
1543 673 1608 709 est
1626 681 1728 725 ergo

366 729 510 773 dicere
533 746 542 772 ε
566 731 805 775 Imitatores
836 733 920 776 mei
944 742 1104 784 estote,
1132 734 1305 778 ultionis
1336 734 1475 778 studia
1503 735 1726 795 deponite,

363 799 631 844 insolentiam
651 803 968 846 verberantium
989 819 1073 846 non
1093 803 1259 861 injuriae
1275 805 1481 849 relatione
1494 837 1507 855 ,
1522 806 1597 849 sed
1616 820 1732 864 mag-

369 868 618 913 nanimitate
656 871 870 928 patientiae
900 874 1135 917 verberate.
1163 874 1298 918 Nemo
1328 877 1458 919 debet
1487 877 1604 935 quod
1642 876 1733 935 ipse
1775 903 1778 905 >

366 939 408 981 in
428 939 508 982 alio
526 941 822 999 reprehendit,
851 943 1006 987 imitari
1027 959 1036 986 :
1056 945 1245 1003 graviora
1267 947 1597 990 contumacibus
1615 962 1734 990 mnn-

369 1010 549 1052 suetudo
577 1013 750 1055 vulnera
779 1013 920 1057 refert.
955 1014 1048 1057 Hoc
1070 1031 1212 1074 pugno
1243 1015 1501 1074 repercussit
1525 1016 1734 1060 Dominus

368 1080 693 1130 verberantem,
726 1083 1073 1137 dicendo:‹Qui
1113 1094 1153 1128 te
1186 1087 1375 1144 percutit
1411 1086 1455 1130 in
1493 1086 1731 1135 maxiltam.

370 1150 541 1207 npraebe
569 1151 628 1194 illi
652 1161 694 1196 et
715 1154 933 1203 alteram².
950 1173 964 1193 υ
981 1155 1051 1198 Fit
1070 1156 1184 1199 enim
1208 1165 1254 1199 ut
1280 1157 1441 1214 judicio
1469 1171 1546 1201 suo
1573 1157 1662 1216 ipse
1691 1173 1736 1202 se

371 1221 543 1263 damnet
561 1254 570 1271 ‚
602 1230 644 1265 et
675 1225 873 1282 quodam*
891 1225 1063 1269 stimulo
1087 1226 1151 1269 sui
1183 1236 1499 1286 compungatur
1526 1226 1708 1272 affectus
1725 1259 1737 1278 ‚
1765 1252 1770 1254 -

371 1291 443 1348 qui
466 1293 642 1337 relatam
674 1294 754 1354 sibi
783 1297 1052 1340 sedulitatem
1079 1314 1156 1356 pro
1185 1298 1340 1356 injuria
1370 1310 1500 1357 quam
1522 1296 1643 1348 fecit,
1665 1298 1738 1343 ad·

372 1363 557 1406 verterit.

433 1432 523 1477 LX.
545 1435 683 1479 Habet
702 1445 844 1480 tamen
867 1453 972 1496 quos
990 1447 1147 1482 etcum
1167 1440 1282 1498 virga
1299 1438 1527 1500 Apostolos
1546 1438 1737 1490 miserit,

370 1503 479 1547 sicut
509 1505 663 1549 Paulus
690 1507 968 1562 testificatur,
1005 1510 1150 1566 dicens
1176 1511 1345 1563 :nQuid
1376 1510 1525 1560 vultis,
1557 1509 1600 1553 in
1624 1508 1738 1568 virga

368 1575 565 1618 »veniam
604 1578 656 1620 ad
687 1593 776 1628 vos,
818 1595 871 1621 an
903 1580 946 1622 in
982 1580 1189 1624 charitate
1221 1590 1267 1624 et
1303 1581 1456 1640 spiritu
1487 1589 1740 1624 mansuetu-

371 1662 386 1682 »
402 1644 585 1687 ‹linis'i’›
605 1647 726 1690 Hanc
749 1648 910 1706 virgam
931 1650 1060 1692 etiam
1082 1651 1311 1694 Timotheo
1333 1651 1452 1694 dedit
1474 1650 1703 1709 Apostolus
1718 1682 1730 1699 ,

375 1714 520 1757 dicens
545 1717 758 1775 :«Argtie,
803 1719 1006 1767 obsecra,
1049 1720 1264 1778 inerepa‘.
1285 1721 1400 1765 »Aut
1430 1720 1610 1764 sortasse
1642 1728 1740 1764 ante

369 1786 611 1843 passionem
630 1788 827 1838 Domini,
853 1806 945 1848 quae
968 1791 1211 1834 nutantium
1235 1793 1495 1850 populorum
1508 1784 1647 1835 'eorda
1662 1789 1736 1834 fir·

372 1856 502 1899 mavit
520 1888 531 1905 ‚
556 1860 790 1902 necessaria
807 1862 895 1912 sola
914 1860 1040 1905 suerit
1056 1863 1362 1911 mansuetud03
1381 1870 1478 1920 post
1499 1861 1740 1920 passionem

374 1929 599 1972 correctio.
625 1930 750 1974 Certe
767 1933 952 1976 mulceat
971 1933 1177 1976 Dominus
1193 1965 1203 1984 ‚
1229 1933 1424 1991 increpet
1442 1933 1599 1976 Paulus
1617 1947 1628 1975 ε
1649 1947 1743 1975 sua·

377 2000 473 2042 (leat
503 2001 574 2057 qni
605 2009 745 2058 potest
777 2012 950 2060 pectora
979 2004 1106 2046 etiam
1140 2004 1245 2046 dura
1273 2004 1469 2046 mollire:
1492 2010 1642 2060 arguat
1668 2000 1740 2060 qui

374 2084 460 2112 non
475 2078 617 2128 potest
633 2070 826 2115 universa
843 2075 1035 2116 suadere.
1061 2074 1228 2132 Virgam
1252 2074 1381 2132 igitur
1395 2072 1550 2116 Paulus
1566 2087 1620 2115 ex
1635 2072 1741 2115 doc·

378 2140 487 2183 trina
513 2140 635 2199 Legis
662 2153 960 2201 assumpserat.
991 2144 1170 2202 Legerat
1192 2143 1307 2186 enim
1333 2158 1377 2186 :-
1395 2142 1481 2195 Qui
1502 2141 1640 2200 parcit
1670 2141 1741 2185 ba·

371 2213 528 2263 »culo‚
562 2214 654 2257 odit
686 2212 821 2256 filium
856 2214 1021 2257 suum‘.
1041 2214 1254 2273 »Legerat
1284 2214 1413 2258 etiam
1447 2214 1546 2272 quia
1583 2227 1740 2272 agnum

373 2285 681 2328 manducantes
697 2318 708 2335 ,
731 2285 935 2329 baculum
954 2286 996 2328 in
1019 2285 1217 2329 manibus
1236 2286 1393 2329 habere
1413 2294 1626 2344 praecepto
1646 2299 1742 2343 pro-

372 2357 544 2415 phetico
561 2356 856 2416 jubebantur⁶.
866 2358 918 2400 Et
931 2357 1026 2400 ideo
1038 2357 1246 2400 Dominus
1258 2357 1298 2399 in
1313 2356 1454 2400 Veteri
1465 2358 1741 2401 Testamento

373 2430 430 2472 ait
451 2430 690 2473 :«Visitab0
704 2429 743 2472 in
765 2433 878 2488 virga
892 2428 1136 2486 iniquitates
1153 2443 1304 2470 eorum
1318 2427 1348 2470 ⁷.
1368 2447 1383 2467 ι»
1396 2428 1446 2471 ln
1464 2428 1582 2472 Novo
1596 2434 1740 2471 autem

371 2516 417 2543 se
439 2500 576 2559 ipsum
605 2500 784 2549 obtulit,
810 2509 858 2543 ut
875 2499 1112 2558 ignosceret
1138 2498 1370 2548 universis,
1390 2499 1538 2542 dicens
1555 2500 1568 2540 Ξ
1585 2498 1742 2542 «Simo

415 2612 424 2627 ¹
457 2613 466 2636 ι
487 2602 575 2636 Petr.
599 2612 637 2643 n,
657 2601 755 2634 23.-
771 2612 783 2625 ¹
808 2602 930 2636 Manh.
947 2613 978 2638 v.
995 2602 1052 2644 59.
1066 2603 1132 2626 —2
1157 2612 1167 2632 ι
1189 2602 1269 2634 Cor.
1286 2612 1333 2638 iv,
1350 2612 1404 2634 τι.
1418 2618 1457 2626 -
1473 2603 1489 2629 ⁴
1506 2612 1523 2633 a
1538 2599 1628 2635 'ri-n.
1641 2609 1690 2639 tv.
1706 2610 1738 2633 2.

370 2677 409 2685 -—
430 2662 443 2683 ⁵
463 2659 556 2693 l'rov.
581 2669 652 2694 xm.
673 2656 725 2697 ²4.
740 2675 780 2682 -
792 2659 807 2681 ⁶
828 2657 932 2691 Exod.
946 2668 1006 2695 και,
1024 2667 1071 2689 ιι.
1087 2675 1127 2683 -
1142 2663 1154 2684 v
1175 2656 1257 2690 Psal.
1273 2667 1431 2695 ιιιυιιι,
1446 2655 1500 2691 5⁵.
