1846 3262
417 325 500 381 240
966 339 997 369 s·
1039 339 1233 370 sunnosu

412 428 544 481 portae
577 418 650 463 tibi
680 417 842 478 possint
870 416 994 463 inseri
1018 421 1276 479 praevalere3
1307 420 1341 463 si
1371 421 1485 465 enim
1515 409 1783 466 dominatum

415 492 542 536 suerit
559 498 783 550 peccatum
805 489 846 533 in
872 499 929 541 te,
955 492 1101 535 mortis
1121 501 1239 550 porta
1258 491 1517 550 praevalebit.
1543 489 1661 551 Fuge
1683 505 1784 552 ergo

414 562 729 613 contentiones,
749 561 1048 622 dissensiones,
1071 562 1290 622 strepitus,
1318 559 1612 622 tumultusque
1627 561 1786 606 discor·

416 634 519 684 dioe3
546 650 596 677 ne
624 641 768 692 portas
795 632 944 676 mortis
967 632 1179 691 ingressus
1203 633 1407 677 incurras.
1438 633 1646 678 Dominus
1669 632 1784 677 enim

392 753 396 755 ,
414 704 538 749 Jesus
555 703 749 747 Christus
770 702 989 762 praedicari
1012 719 1057 747 se
1080 703 1219 763 primo
1241 704 1404 755 noluit,
1427 719 1482 747 no
1499 704 1610 748 ullus
1630 703 1785 764 strepi-

414 784 481 819 tus
497 782 756 819 nasceretur.
784 775 981 833 Increpat
999 774 1239 833 Discipulos
1261 790 1376 827 suos,
1395 790 1449 819 ne
1469 773 1541 819 cui
1560 774 1653 818 haec
1672 773 1784 818 dice·

415 855 527 896 rent,
553 847 669 904 quod

485 935 502 958 α
524 917 706 977 Oportet
737 916 893 961 Filium
925 915 1111 960 hominis
1141 917 1275 960 multa
1311 917 1423 976 pati,
1451 909 1739 978 esroprobari
1761 930 1783 961 a

416 987 709 1049 »principibus
732 988 1021 1036 sacerdotum.
1047 995 1090 1030 et
1111 987 1366 1038 senioribus,
1393 996 1436 1031 et
1454 987 1620 1039 scribis.
1644 995 1687 1033 et
1708 1002 1784 1032 oc-

416 1079 432 1100 »
447 1059 548 1110 cidi,
566 1058 609 1102 in
632 1058 699 1101 die
722 1058 847 1102 tertio
869 1074 1092 1117 resurgere
1108 1058 1138 1102 ¹.
1155 1079 1171 1099 n

477 1130 524 1174 C.
557 1130 611 1172 Et
632 1130 809 1173 sortasse
834 1119 932 1172 'ideo
957 1129 1039 1172 hoc
1063 1129 1226 1172 addidit
1254 1129 1484 1180 Dominus,
1506 1129 1601 1189 quia
1623 1129 1784 1174 sciebat

417 1201 589 1247 difficile
615 1201 798 1260 passioni
825 1197 867 1244 et
899 1200 1201 1244 resurrectioni
1223 1202 1351 1245 etiam
1381 1201 1621 1260 Discipulos
1642 1201 1784 1246 credi-

417 1271 549 1318 turo's.
574 1272 628 1316 Et
645 1273 739 1315 ideo
761 1272 967 1331 passionis
987 1281 1030 1316 et
1046 1272 1372 1316 resurrectionis
1385 1288 1472 1316 suae
1489 1281 1672 1318 assertor
1692 1288 1783 1317 esse

418 1343 570 1387 maluit
587 1359 598 1393 ;
625 1351 674 1386 ut
693 1358 744 1386 ex
764 1342 878 1387 facto
901 1342 1030 1393 fides,
1059 1359 1147 1386 non
1165 1359 1218 1386 ex
1237 1343 1385 1387 auditu
1407 1342 1620 1388 discordia
1640 1357 1784 1388 nasce-

415 1423 547 1459 retur.
574 1413 684 1472 Ergo
709 1413 902 1457 Christus
932 1413 1068 1457 noluit
1097 1414 1266 1472 gloriari
1284 1446 1295 1463 ,
1319 1415 1395 1458 sed
1418 1413 1570 1458 maluit
1586 1412 1783 1473 ignobilis

415 1486 565 1536 videri,
589 1494 637 1529 ut
658 1486 895 1544 passionem
915 1485 1078 1528 subiret
1098 1500 1108 1528 ε
1133 1494 1177 1529 et
1198 1495 1244 1529 tu
1261 1485 1332 1544 qui
1356 1485 1552 1544 ignobilis
1573 1493 1698 1529 natus
1718 1500 1779 1535 es,

413 1557 641 1618 gloriaris?
662 1557 820 1599 Eadem
855 1556 949 1606 tibi,
984 1571 1067 1614 qua
1093 1555 1286 1600 Christus
1307 1557 1554 1607 ambulavit,
1589 1556 1782 1615 gradien-

416 1629 519 1672 dum
555 1635 619 1670 est
649 1626 727 1670 via.
763 1626 861 1668 Haec
894 1625 987 1684 ejus
1022 1626 1197 1684 agnitio,
1235 1627 1326 1670 haec
1359 1626 1451 1685 ejus
1474 1626 1683 1677 imitatio,
1705 1641 1783 1685 per

412 1699 722 1759 ignobilitatem
745 1711 792 1739 ac
814 1697 971 1740 bonam
995 1696 1175 1747 samam3
1204 1705 1251 1740 ut
1267 1696 1460 1755 glorieris
1483 1697 1524 1740 in
1549 1711 1677 1741 cruce
1699 1697 1781 1741 Do-

411 1769 534 1819 mini,
559 1768 669 1812 sicut
699 1767 787 1826 ipse
813 1775 876 1811 est
908 1766 1126 1826 gloriatus.
1167 1767 1237 1812 Sic
1261 1767 1494 1811 ambulavit
1529 1767 1713 1818 Paulus,
1737 1776 1781 1811 et

413 1841 509 1886 ideo
531 1839 736 1900 gloriatur
755 1837 901 1882 dicens
921 1853 930 1880 :
949 1854 967 1877 e
986 1837 1088 1882 Mihi
1111 1846 1253 1882 autem
1279 1838 1389 1882 absit
1409 1838 1606 1898 gloriari,
1634 1838 1713 1884 nisi
1735 1837 1779 1883 in

413 1925 573 1956 »cruce
594 1908 765 1954 Domini
783 1908 915 1952 nostri
930 1907 1034 1952 Jesu
1051 1908 1210 1952 Christi
1225 1907 1257 1952 ².
1281 1927 1297 1949 ι

472 1983 541 2027 C1.
564 1980 649 2025 Sed
670 1979 887 2024 videamus
904 1993 982 2022 cur
997 1978 1235 2023 secundum
1252 1978 1498 2023 Matthaeum
1516 1979 1778 2040 reperiamus

411 2053 651 2100 admonitos
684 2051 925 2110 Discipulos
941 2049 975 2101 ⁸,
1014 2066 1068 2094 ne
1108 2051 1176 2094 cui
1216 2050 1408 2094 dicerent
1444 2051 1560 2109 quod
1600 2051 1691 2110 ipse
1724 2051 1779 2096 sit

411 2125 605 2170 Christus
636 2137 646 2165 ε
675 2121 745 2164 hic
767 2129 907 2164 autem
930 2121 1137 2179 scriptum
1159 2121 1212 2164 sit
1230 2120 1471 2180 increpatos
1493 2137 1601 2172 esse,
1627 2137 1680 2165 ne
1706 2123 1778 2166 cui

411 2195 625 2244 dicerent,
659 2192 775 2250 quod
810 2198 919 2234 osset
959 2192 1091 2234 multa
1119 2205 1345 2249 passuruS‚
1374 2199 1418 2234 et
1441 2200 1772 2236 resurrecturus.

410 2263 577 2310 Videtis
604 2263 719 2322 quod
752 2261 793 2304 in
833 2276 918 2304 uno
954 2260 1110 2304 Christi
1154 2261 1328 2304 nomine
1361 2261 1503 2304 omnia
1534 2261 1632 2306 sint.
1680 2261 1775 2321 lpse

407 2345 472 2379 est
493 2334 606 2378 enim
631 2332 823 2376 Christus
843 2331 916 2390 qui
939 2341 1062 2375 natus
1089 2340 1154 2375 est
1185 2347 1237 2375 ex
1258 2331 1458 2391 Virgine,
1495 2331 1583 2392 ipse
1617 2334 1775 2392 estqui
1845 2331 1846 2348 ³

408 2404 618 2450 mirabilia
638 2402 739 2446 fecit
757 2402 798 2445 in
821 2403 995 2461 populo,
1016 2402 1103 2461 ipse
1133 2402 1205 2460 qui
1227 2411 1420 2446 mortuus
1441 2411 1506 2446 est
1521 2417 1598 2462 pro
1619 2416 1776 2462 pecca·

410 2477 462 2521 tis
489 2474 642 2519 nostris
662 2507 673 2524 ‚
709 2481 753 2517 et
782 2472 1011 2516 resurrexit
1039 2487 1060 2514 a
1096 2472 1289 2515 mortuis.
1314 2473 1452 2516 Unum
1475 2472 1629 2516 horum
1654 2471 1688 2516 si
1710 2486 1774 2516 re·

414 2546 615 2595 traxeris,
651 2543 859 2587 retraxisti
891 2544 1070 2587 salutem
1105 2550 1236 2586 tuam.
1272 2542 1378 2587 Nam
1414 2544 1542 2588 etiam
1582 2542 1771 2588 haeretici

410 2619 569 2664 hahere
586 2615 665 2661 sibi
686 2615 903 2659 Christum
920 2614 1144 2664 videntum
1165 2630 1293 2658 nemo
1309 2616 1426 2659 enim
1443 2615 1599 2661 Christi
1614 2630 1770 2660 nomeu

450 2718 461 2740 Ι
481 2713 561 2747 Luc.
577 2722 621 2750 ix,
637 2721 686 2745 n.
709 2727 747 2735 —-
768 2719 781 2736 ·
801 2710 908 2744 Galat.
926 2719 971 2747 vi,
992 2709 1043 2749 ¹4·
1057 2726 1098 2735 —
1116 2710 1130 2734 ³
1145 2708 1264 2743 Μαίης.
1284 2720 1353 2751 xvi,
1373 2720 1424 2743 ao.
