1846 3262
371 329 455 375 236
917 343 949 373 ι.
988 342 1182 373 ΑΜιικοειι

368 421 492 466 lieres
513 422 639 466 edero
660 419 956 479 nequiverunt.
986 421 1142 465 Beatus
1172 420 1241 463 ille
1267 419 1338 479 qui
1366 427 1506 480 potest
1534 410 1735 479 colligere¹
1795 467 1809 474 ‚

368 508 462 554 quae
492 494 620 539 etium
642 493 778 539 doctis
800 502 1041 552 supersunt.

426 565 542 612 XCI.
580 565 807 609 Videamus
842 565 1059 623 quomodo
1093 563 1277 622 colligat.
1319 563 1434 608 Dixit
1470 562 1558 608 Lex
1576 578 1588 606 ε
1603 580 1620 604 ι
1639 562 1735 610 Nou

367 636 721 682 »moechaheris¹.
744 636 917 694 »Fregit
940 636 1055 680 hunc
1075 649 1228 694 panem
1252 634 1464 684 Christus.
1487 634 1627 680 divisit
1653 633 1736 679 hoc

368 708 564 759 verbum.
584 723 671 753 non
687 708 859 752 aliunde
876 706 1098 765 adjiciens,
1119 708 1194 749 sed
1214 707 1268 750 de
1289 721 1365 749 suo
1381 705 1567 765 partiens
1587 721 1630 749 ει
1650 705 1737 760 Qui

369 796 386 819 ι
400 778 567 830 viderit,
587 777 740 836 inquit,
767 778 993 822 mulierem
1017 779 1071 821 ad
1093 776 1504 835 concupiscendum,
1530 776 1615 834 jam
1635 790 1738 838 moe·

368 850 549 894 nchatus
569 858 634 894 est
654 849 787 894 eam².
812 849 980 893 »Habes
1003 849 1292 908 fragmentum
1326 850 1379 892 de
1409 863 1502 892 suo.
1528 847 1733 893 Addidit:

380 940 397 963 ι
419 921 463 966 Si
484 922 634 966 oculus
652 930 749 966 tuus
770 922 919 965 dexter
934 920 1193 965 scandalizat
1209 928 1266 970 te,
1285 935 1387 963 erue
1403 919 1547 964 eum’.
1567 939 1584 960 ο
1599 919 1738 964 Habes

371 993 499 1037 aliud.
517 992 600 1037 «Et
621 993 654 1036 si
666 993 838 1036 dextera
861 1001 931 1035 tua
950 991 1209 1035 scandalizat
1233 1000 1290 1040 tc,
1313 990 1518 1034 abscindo
1544 989 1692 1040 eam⁴3
1709 1008 1727 1030 ι

367 1075 460 1117 et‚«
480 1064 567 1118 Qui
599 1064 813 1108 dimissam
845 1079 867 1107 a
895 1063 986 1107 viro
1016 1063 1162 1112 ducit,
1196 1061 1479 1114 moechatur⁶.
1502 1061 1661 1106 ‚Vides
1685 1076 1738 1104 ex

369 1125 456 1180 uno
473 1150 602 1195 quam
624 1135 757 1179 multa
780 1134 1028 1193 fragmenta.
1046 1133 1214 1192 Moyses
1235 1134 1340 1177 dicit
1359 1134 1474 1191 quod
1487 1151 1503 1173 ι
1519 1132 1737 1178 Abraham

370 1226 387 1249 ι
401 1208 508 1251 duos
524 1205 633 1249 filios
650 1206 816 1254 habuit.
833 1221 969 1249 unum
983 1207 1036 1248 de
1048 1206 1215 1255 ancilla,
1236 1214 1279 1248 et
1295 1219 1429 1248 unum
1448 1204 1649 1249 delibera
1661 1203 1693 1248 ⁸.
1709 1222 1727 1245 ι

367 1276 525 1321 Paulus
558 1275 661 1320 dixit
680 1291 690 1319 ι
709 1276 841 1320 «Haec
871 1282 970 1319 sunt
1000 1276 1086 1318 duo
1112 1274 1426 1319 Testamenta7.
1446 1274 1626 1320 »Divisit
1654 1273 1737 1318 hoc

368 1348 565 1398 verbum,
595 1355 640 1391 et
669 1347 830 1391 invenit
860 1346 1127 1406 mysterium.
1153 1346 1308 1390 Beatus
1337 1361 1439 1405 ergo
1461 1345 1534 1405 qui
1555 1344 1734 1405 configit,

368 1433 463 1477 quae
483 1417 632 1462 dividit
658 1417 865 1462 Christus.

427 1489 563 1534 XCII.
600 1488 696 1543 Qua
716 1489 880 1533 ratione
921 1497 1061 1531 antem
1091 1488 1298 1547 cophinos
1333 1487 1560 1532 duodecim
1589 1486 1738 1532 Chris-

368 1569 436 1605 tus
457 1560 672 1619 implevit,
695 1561 775 1604 nisi
799 1569 846 1604 ut
873 1560 979 1603 iilud
1000 1561 1146 1618 populi
1167 1560 1339 1604 «Iudaici
1359 1561 1544 1604 solveret
1563 1574 1574 1602 ε
1591 1578 1608 1601 ι
1625 1559 1736 1614 Quia

369 1647 549 1676 »manus
579 1630 671 1689 ejus
698 1631 740 1674 in
769 1630 955 1689 cophino
982 1631 1243 1674 servierunt⁸
1268 1647 1278 1674 t
1301 1632 1412 1674 »hoc
1434 1639 1522 1682 est,
1555 1631 1737 1690 populus

369 1702 441 1760 qui
462 1709 559 1746 ante
579 1702 717 1745 lutum
740 1701 782 1744 in
806 1700 999 1759 cophinis
1017 1702 1261 1760 colligebat,
1281 1701 1350 1745 hic
1366 1702 1452 1760 jam
1471 1717 1547 1760 per
1563 1716 1736 1745 crucem

371 1772 529 1816 Christi
553 1772 647 1816 vitae
675 1772 858 1815 coelestis
893 1780 1095 1829 operatur
1119 1773 1390 1823 alimoniam;
1414 1781 1457 1816 et
1476 1788 1527 1816 co
1547 1771 1648 1816 fidei
1674 1772 1738 1816 ci-

369 1846 474 1889 bum
497 1844 706 1904 congerit,
726 1844 798 1887 ubi
816 1852 907 1887 erat
925 1853 1022 1887 ante
1044 1859 1212 1887 coenum
1233 1845 1398 1903 gentilis
1416 1843 1618 1904 perfidiae.
1650 1844 1738 1890 Nec

368 1931 606 1977 paucorum
629 1916 712 1960 hoc
737 1915 1013 1960 munusi'sed
1029 1916 1220 1959 omnium
1248 1925 1324 1960 cst.
1347 1916 1453 1961 Nam
1483 1931 1558 1975 per
1580 1917 1738 1963 duod&

371 1989 454 2032 cim
486 1987 693 2047 cophinos
727 1996 926 2044 tanquam
958 1987 1149 2029 tribuum
1181 1988 1442 2046 singularum
1468 1985 1567 2030 fidei
1593 1986 1738 2031 firma-

368 2067 564 2104 mentum
600 2058 811 2102 redundat
832 2072 842 2100 :
860 2076 874 2098 ι
890 2057 1015 2101 Panis
1054 2057 1166 2100 enim
1211 2057 1439 2101 confirmat
1479 2072 1558 2102 cor
1597 2057 1738 2101 homi-

371 2128 508 2174 νῶθ’).
531 2148 549 2171 2

390 2243 396 2246 Α
441 2219 458 2242 ι
473 2200 554 2245 Dix
581 2208 721 2243 autem
749 2199 854 2242 illis:
871 2198 952 2242 Vos
969 2213 1096 2256 quem
1120 2213 1188 2240 me
1209 2214 1300 2241 esso
1318 2198 1483 2243 dicitis?
1504 2199 1740 2258 Respondit

371 2270 550 2317 »Simon
570 2269 737 2320 Petrus,
760 2269 978 2311 Christum
1002 2268 1140 2312 Dei¹⁰.
1163 2287 1178 2309 ι

429 2341 585 2388 XCIII.
624 2340 712 2385 Nec
744 2340 878 2382 tnrbae
909 2339 1080 2397 quidem
1110 2339 1241 2382 otiosa
1273 2339 1415 2397 opinio
1440 2348 1521 2390 est,
1549 2340 1647 2398 quia
1669 2333 1738 2384 alii

369 2413 524 2464 Ehem,
544 2426 673 2470 quem
694 2419 922 2454 venturum
939 2410 1146 2469 putabant
1161 2410 1252 2453 :alii
1269 2410 1496 2461 Joannem,
1517 2426 1643 2470 quem
1664 2413 1742 2456 do·

371 2484 574 2528 collatum
595 2481 803 2532 sciebant,
830 2490 902 2524 aut
925 2496 1057 2523 uuum
1083 2480 1135 2523 do
1160 2480 1383 2539 Prophetis
1408 2481 1621 2540 prioribus
1641 2497 1740 2526 sur-

420 2606 430 2622 ·
458 2595 565 2630 Exod.
592 2606 646 2632 xx.
678 2595 732 2635 14.
757 2613 798 2620 -
817 2603 832 2620 ·
860 2594 985 2628 Malui.
1008 2605 1039 2631 v.
1067 2594 1116 2627 28.
1145 2612 1185 2619 —
1216 2596 1230 2618 ³
1259 2594 1342 2627 lbid.
1373 2606 1426 2638 ²9·
1455 2613 1496 2621 —-
1525 2597 1539 2623 Ι
1569 2594 1657 2629 ibid.
1683 2595 1734 2628 30.

372 2669 410 2678 -
425 2652 443 2678 ⁸
458 2652 539 2685 Luc.
558 2659 626 2689 nt,
645 2661 698 2694 ις).
718 2668 757 2676 -
771 2651 789 2675 ⁸
805 2650 911 2683 Gai-t.
933 2660 976 2686 ιν.
994 2661 1044 2683 n.
1068 2668 1102 2675 -
1131 2655 1144 2681 7
1165 2648 1250 2683 lbid.
1274 2650 1327 2689 πή.
1344 2669 1382 2676 -
1398 2652 1412 2674 ⁸
1430 2649 1512 2684 Psal.
1532 2660 1628 2690 uxx,
1646 2660 1676 2694 ς.
1698 2667 1738 2677 —·-

370 2726 410 2734 -
426 2715 441 2737 9
459 2706 512 2741 ld.
526 2716 598 2744 ctu,
619 2706 667 2738 ¹6.
685 2724 725 2731 -
746 2714 776 2729 ¹⁰
797 2707 874 2738 Luc.
899 2717 943 2745 ix,
963 2716 1014 2739 πο.
