1800 3268
380 302 397 332 ι
412 291 464 340 ιά
932 301 964 330 ε.
1003 300 1199 331 Αυιηοειι

368 380 614 429 ᾶοοΙετειιις
638 377 845 440 scriptum
864 385 930 422 est
957 378 1073 422 enim
1101 393 1113 422 :
1135 374 1289 422 «Posui
1314 376 1580 434 adjutorium
1604 388 1739 439 super

372 459 620 511 »petentem
635 482 647 500 ,
678 458 725 493 et
744 448 922 492 exaltavi
951 449 1146 494 electum.
1164 449 1217 491 de
1241 449 1401 507 populo
1423 448 1560 493 meo¹.
1578 467 1596 490 ι
1612 448 1758 495 Solus-

365 521 483 564 enim
509 529 660 579 potens
673 551 686 570 ,
705 520 819 564 solus
835 520 998 562 electus
1018 528 1086 563 est
1105 518 1314 562 Christus.
1343 517 1601 567 Sanctorum
1621 518 1739 569 enim

370 591 510 648 majus
540 591 583 634 in
609 588 721 640 fide,
740 604 874 648 quam
900 589 944 632 in
975 590 1249 648 generatione
1280 603 1428 633 semen
1450 597 1535 633 est.
1569 588 1623 633 Et
1643 589 1739 639 ideo

369 660 599 719 Apostolus
624 675 638 704 ε
661 677 680 701 ι
697 660 744 704 Si
783 659 901 703 euim
943 659 1017 717 qui
1053 674 1110 702 ex
1147 658 1233 702 fide
1267 666 1372 702 sunt
1389 691 1402 709 ,
1442 658 1491 704 hi
1528 657 1607 704 filii
1639 667 1741 705 eunt

371 750 388 773 ι
400 731 584 776 Abrahae
594 729 626 776 ².
643 749 661 772 ο
1085 727 1095 735 “

424 802 553 848 LXV.
595 802 708 846 lund
740 815 912 860 quoque
942 815 1028 844 non
1062 800 1479 859 praetermittendum
1512 809 1737 860 putamus,

366 874 484 931 quod
504 888 527 916 a
547 872 680 916 David
711 872 977 930 temporibus
1004 886 1139 928 usque
1163 872 1216 914 ad
1236 870 1515 922 Jechoniam,
1548 871 1630 915 hoc
1650 880 1737 920 est.

367 958 502 1001 usque
519 944 572 987 ad
586 943 876 1002 captivitatem
888 974 900 990 ‚
919 956 1020 984 cum
1038 941 1189 983 decem
1205 949 1250 983 et
1265 949 1429 999 septem
1444 939 1603 983 suerint
1618 954 1739 999 reges

367 1014 523 1057 Judaeae
538 1047 547 1064 ,
572 1012 897 1072 quatuordecim
919 1011 1218 1069 generationes
1237 1018 1411 1053 sanctus
1426 1009 1650 1069 Matthaens
1667 1025 1740 1069 po-

365 1086 498 1129 suerit
517 1101 528 1129 :
548 1095 592 1129 et
608 1101 753 1128 rursus
771 1086 823 1127 ab
839 1083 1050 1126 Jechonia
1063 1097 1199 1140 usque
1216 1085 1269 1124 ad
1285 1081 1447 1140 Josepb
1462 1095 1564 1124 cum
1583 1082 1740 1133 viritim

363 1156 660 1214 generationes
682 1154 910 1198 duodecim
938 1161 1251 1211 computentur
1261 1183 1275 1202 ‚
1304 1161 1450 1210 postea
1474 1154 1738 1209 quatuorde-

364 1228 449 1286 cim
479 1228 771 1286 generationes
803 1225 1039 1282 descriptas
1066 1238 1160 1266 esse
1177 1223 1499 1286 memoraverit.
1527 1222 1739 1274 Sickenim

364 1298 496 1342 habes
514 1313 524 1341 ε
543 1297 729 1341 «Omnes
756 1296 1075 1356 generationes,
1096 1296 1150 1338 ab
1170 1294 1389 1338 Abraham
1414 1309 1550 1352 usque
1573 1294 1630 1338 ad
1653 1294 1739 1338 Da·

365 1388 382 1412 ·
398 1370 466 1413 vid
476 1370 770 1429 generationes
783 1367 1109 1426 quatuordecim
1124 1382 1135 1409 :
1151 1376 1194 1409 et
1207 1381 1228 1409 a
1241 1366 1375 1409 David
1389 1367 1589 1423 usquead
1606 1370 1743 1409 traus-

365 1460 382 1482 ι
396 1442 692 1499 migrationem
733 1437 964 1498 Babylonis
977 1471 989 1488 ,
1037 1438 1334 1496 generationes
1368 1431 1699 1495 quatuordecim
1726 1452 1738 1480 z

365 1520 439 1555 »et
456 1528 477 1554 a
496 1511 865 1568 transmigratione
879 1507 1114 1565 Babylonis
1133 1523 1266 1565 usque
1284 1509 1338 1551 ad
1362 1507 1582 1559 Christum
1603 1520 1740 1566 gene-

366 1581 580 1624 »rationes
607 1577 981 1638 quatuordecim'.
1010 1597 1027 1615 ι
1049 1577 1102 1620 Et
1135 1579 1323 1635 primum
1359 1586 1530 1636 oportet
1556 1592 1738 1636 cognos-

367 1666 486 1701 cere,
510 1652 626 1709 quod
649 1651 735 1707 jam
761 1650 947 1693 diximus
961 1682 972 1698 ‚
997 1663 1122 1707 posse
1143 1650 1286 1707 plures
1306 1663 1399 1697 esse
1423 1649 1737 1700 successiones,

367 1730 411 1766 et
432 1722 654 1780 pauciores
670 1721 978 1780 generationes.
1003 1720 1183 1762 Possunt
1199 1720 1314 1762 enim
1332 1719 1493 1762 diutius
1510 1720 1681 1764 viverea
1693 1721 1740 1763 li·

368 1792 468 1849 qni,
506 1799 550 1835 et
585 1792 717 1834 serius
747 1806 980 1849 generare,
1012 1798 1088 1832 aut
1122 1798 1240 1832 certe
1267 1789 1440 1848 penitus
1470 1799 1740 1850 exortesge-

366 1863 599 1906 nerationis
640 1863 832 1906 existere.
884 1862 1031 1918 Itaque
1079 1875 1165 1903 non
1209 1876 1304 1919 quae
1354 1876 1505 1919 regum
1530 1895 1549 1911 .,
1587 1863 1738 1906 eadem

364 1933 687 1992 generationum
710 1942 915 1991 tempora.
951 1932 1069 1974 Unde
1098 1936 1142 1974 et
1168 1931 1392 1975 Matthaeus
1416 1947 1500 1983 eos>
1530 1947 1643 1991 quos
1681 1934 1739 1977 ad

369 2004 686 2061 generationem
721 2018 806 2045 non
836 2001 996 2060 putavit
1025 2001 1266 2059 pertinere,
1301 2001 1537 2058 praeteriit„
1558 2001 1739 2047 Nomai

366 2073 631 2131 propositum
649 2072 691 2115 ei
712 2071 1005 2114 successiones
1025 2071 1272 2113 describere
1285 2103 1297 2119 ,
1318 2070 1633 2126 rationabiliter
1648 2086 1740 2130 mo-

369 2158 592 2192 veremur,
620 2158 699 2187 cur
728 2158 828 2186 cum
858 2142 901 2184 in
922 2142 1167 2200 Regnorum
1196 2140 1319 2183 libris
1339 2148 1382 2183 et
1405 2138 1738 2200 Paralipomenis

368 2212 639 2264 conveniat⁴,
657 2214 776 2271 quod
798 2220 894 2271 post
911 2211 1059 2254 Joram
1079 2210 1297 2254 Ochozias
1318 2212 1575 2268 regnaverit.
1597 2219 1640 2256 et
1658 2211 1738 2256 Jo-

369 2286 495 2334 dam.
519 2293 565 2330 et
577 2283 768 2327 Amasias
790 2298 799 2325 :
817 2282 998 2326 Amasiae
1017 2290 1157 2325 autem
1177 2282 1432 2325 successerit
1447 2270 1739 2333 Oziasssanc-

370 2363 441 2404 tus
456 2354 678 2399 ssatthaeus
692 2362 775 2397 tres
789 2354 881 2397 illos
893 2369 1012 2411 reges
1025 2351 1292 2410 praeterierit,
1312 2351 1564 2403 choziam,
1582 2351 1738 2408 sedam

367 2432 415 2486 et
429 2425 643 2470 Amasiam
659 2457 671 2475 ,
689 2433 733 2468 et
756 2434 851 2483 post
870 2424 1017 2466 Joram
1037 2422 1244 2480 Josaphat
1264 2422 1509 2479 subjecerit.
1542 2422 1630 2468 Sed
1649 2437 1738 2482 uon

369 2510 470 2540 enm
481 2497 524 2540 in
535 2511 684 2554 regum
696 2497 982 2543 successione,
1002 2495 1077 2537 sed
1097 2494 1138 2536 in
1154 2493 1427 2552 generatione
1441 2494 1641 2553 subiecit.
1654 2494 1738 2538 De-

372 2626 374 2629 ,
415 2598 525 2644 ffiPsd.
538 2606 701 2640 uxum,
719 2608 772 2630 ao.
790 2614 832 2621 —
853 2607 865 2622 ·
885 2596 994 2634 Galat.
1010 2607 1063 2637 ιιι,
1079 2608 1115 2639 7.
1129 2614 1171 2623 -
1186 2598 1200 2621 ³
1214 2596 1338 2632 matth.
1355 2607 1380 2638 ι,
1406 2607 1458 2641 17.
1481 2614 1523 2623 —
1542 2597 1589 2637 44
1604 2596 1686 2640 Reg-
1699 2594 1735 2631 8·

366 2656 402 2687 ot
417 2649 581 2697 deincep·-
600 2662 621 2686 a
636 2651 744 2688 Pani.
756 2661 796 2685 aa
809 2655 843 2685 et
855 2649 1014 2694 deinceps.
