1846 3262
413 299 498 345 228
961 308 994 338 s.
1035 308 1059 338 Δ
1070 306 1233 336 ιιωῃοειι

411 393 632 450 dignatum
658 402 712 432 ne
742 394 816 432 aut
847 385 1062 430 infirmum
1092 385 1271 428 validior
1303 384 1423 427 cibus
1455 381 1683 442 opprimat.
1706 387 1778 424 aut

411 464 597 507 validum
625 460 747 504 extlia
773 460 972 503 alimenta
998 473 1082 502 non
1109 457 1258 500 satient
1283 471 1323 498 :c
1343 455 1562 508 Quicnim
1586 449 1779 495 infirmus

411 534 529 584 sest,
554 534 669 576 olera
695 530 965 574 manducet&
989 529 1071 572 „Et
1102 530 1169 571 ille
1194 527 1263 585 qui
1294 526 1378 583 jam
1409 525 1578 568 videtur
1606 524 1778 580 laqueos

410 604 669 650 infirmitatis
690 603 887 652 evadere,
921 602 974 644 de
1001 599 1188 658 quinque
1211 598 1298 641 istis
1321 598 1549 640 manducet
1580 595 1778 655 panibus,

411 687 455 722 et
476 677 642 721 duobus
664 674 864 735 piscibus.
904 673 1028 716 Certe
1051 672 1083 715 si
1109 680 1253 731 petere
1276 669 1418 712 cibum
1442 667 1687 712 validiorem
1714 666 1780 709 '5²0-

410 758 545 797 retur,
570 747 660 806 ipse
687 745 847 790 relictis
870 744 955 787 suis
976 743 1192 793 omnibus,
1219 741 1387 784 festinet
1409 740 1461 783 ad
1485 738 1562 783 Dei
1585 737 1775 781 verbum.

409 820 524 865 Dum
559 819 706 862 audire
743 816 908 876 incipit.
947 815 1096 873 incipit
1131 813 1307 858 esurire.
1338 810 1555 870 Incipiunt
1591 807 1781 868 Apostoli

412 880 672 934 esurientem
701 888 861 931 videre.
889 886 941 929 Et
968 885 1001 928 si
1028 886 1086 929 illi
1118 884 1259 928 adhue
1293 898 1377 926 non
1409 881 1652 939 intelligunt
1679 877 1783 938 quid

413 960 587 1009 esuriat,
614 958 819 1002 intellexit
847 956 1058 1000 Christus.
1092 954 1182 998 Scit
1213 955 1327 1013 qnod
1353 967 1438 996 non
1462 951 1707 995 saecularem
1729 947 1785 992 ci·

415 1031 519 1074 hum
550 1029 724 1073 esuriat.
757 1027 830 1071 sed
862 1028 1009 1070 cibum
1042 1025 1214 1068 Christi.
1249 1020 1681 1068 DicatzeDimittere'
1708 1031 1783 1062 eos

413 1120 432 1140 ω
447 1099 615 1158 jejunos
638 1100 756 1148 nolo,
781 1113 834 1140 ne
856 1096 1059 1140 deficiant
1075 1096 1117 1139 in
1137 1094 1242 1139 via'.
1265 1095 1439 1138 »Bonus
1462 1088 1672 1137 Dominus
1693 1095 1785 1132 stu-

413 1171 482 1215 dia
508 1170 652 1228 exigit,
678 1169 786 1212 vires
809 1167 1032 1210 ministrat.

479 1241 678 1286 LXXIII.
718 1240 906 1291 Utinam,
931 1239 1114 1283 Domine
1137 1238 1259 1288 Jesu,
1283 1237 1387 1282 volis
1405 1250 1577 1281 mecum
1602 1234 1702 1278 istos
1721 1231 1786 1292 je·

420 1313 546 1372 junos
566 1327 651 1355 non
676 1310 908 1361 dimittere,
937 1311 1014 1354 sed
1039 1309 1265 1368 impartitis
1294 1309 1368 1352 abs
1393 1316 1435 1351 te
1462 1306 1599 1366 epulis
1621 1302 1788 1348 reficias

419 1400 519 1435 eos;
545 1391 592 1428 ut
615 1383 778 1442 possint
806 1382 888 1425 tuis
914 1381 1123 1425 alimoniis
1145 1380 1341 1424 fortiores
1363 1377 1652 1423 infirmitatem
1673 1374 1787 1434 ieju-

419 1456 479 1500 nii
506 1470 594 1499 non
624 1454 788 1498 timere.
813 1453 939 1498 Dicas
966 1453 1129 1496 utinam
1153 1452 1280 1496 etiam
1311 1451 1364 1495 de
1387 1450 1508 1494 nobis
1527 1465 1537 1493 ε
1555 1468 1570 1490 ι
1586 1448 1695 1494 Nolo
1715 1461 1789 1490 eos

421 1525 620 1585 »jejunos
659 1524 887 1568 dimittere.
910 1524 992 1567 »Et
1024 1538 1195 1567 causam
1230 1522 1336 1566 mihi
1371 1521 1520 1571 dicito,
1555 1518 1688 1579 quare
1717 1531 1789 1562 eos

424 1597 535 1641 nolis
565 1596 733 1659 jejunos
772 1595 986 1638 dimittere
1011 1595 1127 1638 :imo
1157 1594 1245 1652 jam
1277 1593 1436 1643 dixisti.
1471 1591 1568 1651 quia
1598 1589 1632 1634 si
1662 1602 1790 1648 quem

424 1665 632 1711 dimiseris
662 1665 876 1724 jejunum,
910 1664 1055 1708 deficit
1082 1666 1123 1708 in
1152 1665 1230 1717 via,
1258 1663 1342 1707 hoc
1369 1670 1448 1715 est,
1483 1659 1630 1715 deficit
1654 1659 1723 1703 vel
1746 1659 1792 1701 in

423 1738 542 1782 istius
553 1752 682 1780 cursu
697 1737 808 1787 vitae,
825 1737 891 1779 vol
904 1745 1132 1794 antequam
1149 1736 1199 1778 ad
1214 1742 1342 1794 caput
1355 1730 1659 1793 perveniatviae
1679 1729 1787 1787 (56),

416 1818 649 1867 antequam
668 1806 887 1867 perveniat
902 1807 955 1850 ad
972 1807 1157 1855 Patrem,
1179 1814 1222 1849 et
1240 1806 1447 1864 intelligat
1464 1803 1580 1862 quod
1600 1817 1651 1846 ex
1667 1801 1793 1845 Patre

422 1879 615 1923 Christus
634 1887 713 1928 est,
734 1878 940 1937 intelligat
957 1877 1074 1937 quod
1097 1877 1292 1921 Christus
1319 1892 1344 1920 e
1365 1876 1491 1925 coelo,
1521 1882 1565 1917 et
1586 1871 1794 1930 intelligat

421 1951 538 2010 quod
561 1949 753 1993 Christus
775 1949 847 2007 qui
873 1948 1111 1998 descendit,
1136 1949 1225 2007 ipse
1247 1956 1310 1992 est
1330 1955 1374 1990 et
1400 1946 1472 2006 qui
1499 1944 1714 1992 ascendit3
1737 1957 1792 1986 ne

422 2025 533 2067 forte
563 2035 663 2065 cum
696 2020 910 2080 acceperit
939 2021 1053 2078 quod
1084 2028 1208 2063 natus
1234 2035 1285 2062 ex
1315 2018 1484 2076 Virgine
1507 2027 1590 2067 est,
1618 2015 1793 2074 incipiat

419 2091 598 2139 nonDei
611 2091 825 2141 virtutem,
842 2092 914 2133 sed
929 2090 1114 2133 hominis
1126 2090 1347 2133 aestimare.
1371 2088 1483 2148 Ergo
1501 2103 1553 2132 ne
1570 2086 1788 2151 deficiant,

425 2163 588 2223 inquit:

498 2235 627 2278 «Date
651 2232 730 2277 illis
757 2247 831 2276 vos
857 2233 1134 2277 manducare.
1163 2233 1218 2276 At
1248 2232 1307 2276 illi
1333 2233 1561 2276 dixerunt:
1582 2231 1675 2278 Non
1697 2239 1796 2275 sunt

425 2326 442 2348 n
457 2304 580 2350 nobis
607 2304 831 2363 plusquam
858 2304 1046 2360 quinque
1068 2318 1222 2362 panes,
1244 2311 1286 2346 et
1315 2303 1399 2346 duo
1427 2303 1564 2362 pisces
1586 2317 1596 2346 :
1618 2301 1696 2346 nisi
1715 2296 1791 2346 'nos

425 2389 626 2424 mamus,
645 2382 688 2417 et
709 2387 900 2417 emamus
922 2373 963 2416 in
982 2387 1154 2416 omnem
1176 2373 1286 2416 hanc
1310 2374 1479 2416 turbam
1502 2372 1660 2417 escas².
1675 2392 1692 2414 ι

483 2444 677 2491 LXXIV.
716 2444 915 2488 Nondum
940 2445 1237 2488 intellexerant
1258 2444 1453 2503 Apostoli
1481 2445 1626 2488 eibum
1645 2442 1791 2504 populi

426 2516 640 2564 credentis
663 2531 750 2560 non
782 2531 873 2560 esso
903 2518 1109 2560 venalem.
1142 2517 1328 2561 Noverat
1367 2516 1584 2567 Christus,
1617 2513 1792 2560 noverat

425 2589 517 2650 ipse
536 2603 613 2632 nos
635 2587 775 2647 potius
794 2603 886 2632 esse
903 2588 1176 2632 redimendos
1202 2604 1210 2632 :
1237 2604 1335 2633 suas
1357 2603 1456 2632 vero
1482 2589 1627 2648 epulas
1642 2584 1794 2647 gratui-

468 2693 475 2708 =
502 2682 596 2716 Rom.
616 2691 682 2721 xlv,
699 2691 732 2717 π.
749 2698 790 2706 -
808 2690 821 2707 ·
847 2681 973 2717 Metui.
992 2693 1049 2725 xv,
1063 2681 1117 2716 32.
