1846 3262
439 307 530 359 ,260
989 318 1021 347 ι.
1063 317 1258 348 annom

446 400 582 447 cium,
620 396 695 440 sed
733 396 847 454 quod
884 397 1188 455 persequendae
1224 396 1460 440 devotionis
1499 395 1680 442 intemIo
1717 396 1812 456 plus

444 470 645 528 placeret.
1559 507 1564 511 .

503 536 687 582 XXXV.
725 536 955 589 Quomodo
972 545 1114 580 autem
1133 537 1291 580 mortui
1308 538 1486 596 sepelire
1506 547 1700 582 mortuos
1719 552 1812 597 pos·

444 616 566 659 sunt,
590 607 669 651 nisi
692 621 791 650 cum
818 607 869 650 ab
895 605 1138 650 infidelibus
1167 607 1372 651 humatur
1388 610 1586 659 cadaver,
1607 607 1733 667 cujus
1754 608 1809 651 ita

442 695 517 724 cor
538 678 723 722 animam
749 677 955 736 perdidit,
978 686 1026 720 ut
1046 678 1219 722 illorum
1239 678 1388 722 animae
1410 679 1547 723 Duum
1570 694 1580 722 ε
1605 679 1692 722 sive
1713 680 1810 737 quia

442 752 599 810 duplex
630 749 702 794 hic
732 748 1006 807 intelligenda
1035 759 1100 792 est
1137 765 1275 800 mors,
1321 766 1403 794 una
1445 759 1632 801 naturae,
1678 751 1807 794 altera

437 821 604 880 culpae?
626 820 704 863 Est
726 820 855 862 etiam
884 835 998 862 mors
1028 821 1177 870 tertia,
1202 821 1244 864 in
1268 837 1348 879 qua
1374 830 1552 879 peccalo
1577 821 1806 870 morimur.

436 900 480 934 et
500 892 588 934 Deo
608 890 808 939 vivimus,
835 889 945 933 sicut
974 890 1173 934 Christus*
1193 891 1266 948 qui
1290 901 1468 949 peccato
1487 900 1685 935 mortuus
1708 899 1772 934 est
1795 907 1805 933 z

453 981 469 1000 α
488 962 619 1015 Quod
639 960 752 1004 enim
770 968 965 1003 mortuus
985 970 1185 1018 peccato,
1209 971 1406 1005 mon-tuus
1423 970 1486 1006 est
1502 963 1635 1006 semel
1652 977 1663 1005 ε
1687 963 1802 1020 quod

441 1052 458 1075 n
474 1041 614 1076 autem
636 1032 759 1082 vivit,
787 1030 889 1074 vivit
909 1031 1040 1074 Deo¹.
1063 1050 1079 1072 ι

500 1101 706 1147 XXXVI.
744 1103 834 1145 Una
857 1110 921 1145 est
947 1102 1076 1160 igitur
1099 1118 1214 1146 mors
1229 1136 1241 1153 ‚
1266 1119 1348 1161 qua
1370 1105 1522 1163 copula
1551 1103 1744 1163 corporis
1766 1113 1811 1146 et

442 1173 591 1216 anima:
624 1180 859 1230 separatur,
898 1187 983 1214 non
1014 1172 1324 1224 formidabilis,
1347 1189 1432 1217 non
1462 1173 1674 1224 timenda3
1710 1187 1809 1216 cum

440 1244 643 1287 discessio
674 1245 869 1301 quaedam
899 1243 1032 1286 nostri
1061 1244 1254 1288 videatur
1280 1260 1398 1295 esso,
1434 1260 1521 1289 non
1542 1260 1695 1304 poenu:
1722 1259 1809 1288 non

439 1315 671 1360 metuenda
690 1315 894 1364 sortibus.
923 1314 1204 1359 desideranda
1234 1316 1523 1374 sapientibus,
1548 1316 1714 1360 miseris
1735 1331 1810 1359 ox-

438 1390 641 1449 petenda,
660 1390 713 1432 de
730 1402 813 1446 qua
832 1386 996 1430 dictum
1013 1396 1077 1430 est
1096 1402 1106 1430 :
1133 1406 1148 1427 ι
1166 1388 1371 1441 Quaereut
1391 1388 1586 1432 homiues
1607 1397 1808 1436 mortem.

440 1470 513 1504 »et
536 1475 621 1503 non
644 1458 861 1502 invenient
882 1457 1019 1501 eam².
1041 1479 1057 1498 »
1706 1512 1711 1517 ⁹

496 1529 721 1575 XXXVII.
757 1530 832 1572 Est
852 1538 895 1572 et
920 1529 997 1572 alia
1021 1545 1114 1587 quae
1131 1530 1398 1573 saecularium
1417 1530 1565 1573 afferat
1584 1529 1805 1573 interitum

439 1603 739 1660 voluptatum:
768 1600 810 1642 in
837 1615 920 1656 qua
949 1614 1034 1642 non
1068 1609 1243 1648 natura,
1274 1602 1348 1643 sod
1370 1601 1525 1644 delicta
1547 1601 1805 1644 moriuntur.

439 1673 558 1715 lianc
582 1678 765 1714 mortem
789 1669 981 1712 subimus
1004 1671 1243 1728 consepulti
1265 1670 1548 1729 baptismate.
1581 1679 1625 1714 et
1652 1670 1810 1713 mortui

442 1758 541 1785 cum
565 1742 735 1785 Christo
757 1741 809 1784 ab
836 1740 1058 1783 elementis
1086 1740 1216 1796 hujus
1245 1741 1419 1790 mundi,
1445 1756 1543 1784 cum
1567 1749 1686 1784 actus
1704 1742 1810 1799 pati-

442 1828 541 1855 mur
560 1812 712 1872 prioris
729 1811 1033 1854 oblivia.}1anc
1050 1818 1233 1854 mortem
1256 1811 1407 1860 voluit,
1421 1826 1519 1854 cum
1540 1810 1813 1869 prophetaret

442 1884 614 1927 Balaam
629 1915 642 1933 ,
666 1890 715 1925 ut
737 1882 827 1926 Deo
843 1881 1030 1931 viveret;
1055 1889 1097 1924 et
1118 1881 1215 1923 ideo
1239 1881 1342 1924 dixit
1361 1896 1371 1923 :
1400 1899 1415 1918 a
1434 1881 1640 1925 Moriatur
1670 1880 1810 1924 anima

443 1969 567 1997 »mea
585 1954 628 1996 in
650 1952 800 1996 animis
821 1952 1057 2010 justorum,
1084 1960 1127 1995 et
1151 1950 1225 1995 fiat
1245 1966 1390 1995 semen
1414 1966 1558 1995 meum
1587 1959 1634 1995 ut
1665 1965 1810 1995 semen

444 2022 669 2067 »eorum⁸.
692 2042 708 2063 n

500 2093 744 2138 XXXVIII.
783 2092 852 2135 Es!
885 2099 927 2134 et
962 2092 1083 2134 tertia
1108 2106 1249 2140 mors,
1274 2091 1448 2148 quando
1483 2090 1707 2141 Christus,
1737 2091 1810 2148 qui

441 2173 506 2207 ost
526 2165 610 2207 vita
635 2172 803 2212 nostra,
832 2162 1048 2206 nescitur:
1075 2161 1183 2204 scire
1218 2168 1360 2203 autem
1394 2160 1611 2203 Christum
1640 2160 1723 2203 vita
1748 2169 1812 2203 cst

442 2235 700 2293 sempiterna
717 2266 728 2284 ,
749 2248 843 2291 quae
870 2247 986 2275 nunc
1007 2232 1131 2289 justis
1153 2240 1306 2289 praesto
1322 2239 1386 2273 est
1413 2230 1455 2273 in
1476 2230 1628 2273 umbra
1643 2262 1655 2281 ,
1679 2230 1722 2273 iu
1742 2229 1811 2274 su-

443 2314 588 2348 turum
611 2312 755 2347 autem
771 2303 851 2346 erit
874 2302 982 2345 facie
1005 2303 1058 2345 ad
1080 2301 1229 2344 faciem
1245 2318 1257 2350 3
1274 2320 1288 2340 ι
1307 2300 1488 2359 Spiritus
1502 2300 1616 2344 enim
1638 2309 1735 2344 ante
1754 2300 1811 2344 sa-

440 2375 583 2419 »ciem
609 2383 799 2418 nostram
835 2372 1028 2416 Christus
1056 2371 1266 2415 Dominus
1287 2404 1298 2419 ,
1328 2390 1343 2410 »
1367 2371 1419 2413 de
1451 2386 1536 2428 quo
1564 2370 1699 2414 dixit:
1728 2390 1744 2411 ι
1762 2371 1809 2415 In

439 2448 625 2490 »umbra
656 2445 749 2504 ejus
782 2444 972 2488 vivemus
1010 2443 1051 2485 in
1083 2442 1325 2500 gentibus'·.
1349 2460 1364 2481 ι
1386 2442 1433 2484 ln
1465 2440 1617 2484 umbra
1647 2441 1809 2485 alarum

487 2567 509 2596 1'
530 2572 624 2604 Rom.
646 2582 691 2609 vn.
723 2581 773 2604 ιο.
799 2588 839 2595 -
866 2580 878 2596 ·
908 2571 1010 2613 Apoc.
1037 2580 1081 2605 n,
1108 2569 1140 2602 G.
1163 2586 1200 2592 —
1227 2568 1241 2592 ⁸
1270 2566 1367 2599 Num.
1393 2577 1498 2607 xxm,
1523 2576 1625 2600 ιο.-
1651 2564 1807 2599 ΙΤὶιιτιι.

440 2638 485 2664 ιν.
504 2637 553 2659 20.
