1846 3262
423 268 507 311 380
973 280 1004 308 s.
1045 278 1239 309 annom

420 357 569 402 laverit
587 356 799 406 Ecclesia,
827 371 914 400 non
941 356 1071 400 habet
1101 372 1273 402 necesse
1304 357 1460 404 iterum
1496 359 1642 405 lavari.
1674 360 1788 421 Ergo

421 428 626 487 mysterio
649 427 931 470 intendebant
951 426 1185 485 Discipuli,
1215 444 1300 472 non
1327 430 1390 473 sui
1416 430 1671 475 munditiam
1693 425 1796 481 cor-[⁷

421 500 558 558 poris,
583 500 658 542 sed
695 499 845 541 animae
873 498 1153 555 requirentes.
1191 500 1285 544 Hoc
1313 499 1685 559 reprehendebant
1703 501 1790 546 'Ju-

423 571 501 614 daei
531 587 541 614 ι
572 573 648 614 sed
679 579 827 627 argute
857 571 1173 627 redarguuntur
1198 586 1220 614 a
1253 571 1462 623 Domino,
1500 574 1618 632 quod
1649 573 1790 617 inania

424 642 666 691 observent,
687 640 910 699 profutura
943 640 1190 698 despiciant.
1229 641 1281 684 Et
1314 641 1411 685 ideo
1441 643 1522 687 illis
1544 643 1681 687 ‹licitz
1708 640 1798 688 Vos'

424 727 558 770 quare
574 711 714 754 dicitis
727 710 836 769 patri
853 718 930 754 aut
945 711 1086 761 matri,
1106 726 1213 770 quos
1229 711 1318 755 Lex
1333 713 1525 771 praecipit
1539 713 1740 758 honorari
1753 713 1789 756 ἐ

435 801 452 823 «
468 784 622 827 Munus
654 784 958 840 quodcumque
978 789 1043 824 est
1065 797 1116 825 ex
1135 797 1228 833 me,
1252 782 1330 826 tibi
1352 783 1568 842 proderit;
1585 804 1603 825 ο
1633 783 1676 828 id
1701 781 1797 833 est.

426 870 525 898 cum
549 854 654 912 petit
676 852 837 911 aliquid
867 853 920 894 ad
954 862 1174 911 sumptum
1206 869 1334 912 egens
1366 862 1486 913 pater
1519 862 1593 899 aut
1613 863 1750 900 mater
1769 870 1794 898 a

426 923 537 974 filio,
562 924 660 982 quia
675 924 831 982 Legem
850 924 1005 966 timens
1020 923 1195 967 Judaeus
1216 926 1536 970 excusationem
1553 940 1638 970 non
1662 926 1794 970 dandi

428 994 633 1052 requirit,
659 994 802 1037 dicere
821 994 929 1036 solet
948 1008 959 1036 t
985 1011 1000 1032 α
1018 994 1169 1037 Munus
1191 994 1307 1052 quod
1324 1004 1389 1038 est
1408 1010 1462 1039 ex
1480 1010 1576 1046 me,
1603 994 1682 1040 tihi
1698 990 1802 1055 pro-²

429 1084 446 1105 s
461 1065 591 1114 derit;
613 1083 629 1104 ι»
649 1073 697 1107 ut
713 1064 898 1107 dicatam
915 1079 938 1106 a
961 1062 1056 1107 filiis
1074 1065 1164 1108 Deo
1180 1065 1407 1122 pecuniam
1431 1074 1554 1124 pater
1575 1065 1796 1125 religiosus

429 1135 624 1193 accipere
646 1134 911 1177 reformidet.
941 1133 1025 1177 Sed
1045 1134 1136 1178 haee
1157 1135 1328 1178 traditio
1346 1136 1569 1179 homiuum
1581 1144 1646 1179 est
1665 1150 1798 1180 excu-

431 1205 614 1248 sationes
635 1204 929 1247 obtexentium
954 1204 1138 1247 avaritiae
1161 1220 1259 1247 suae.
1282 1204 1494 1248 Caeterum
1522 1204 1602 1249 Dei
1624 1204 1798 1254 traditio

361 1280 368 1286 '
429 1285 516 1326 est,
541 1285 587 1319 ut
610 1276 725 1334 prius
742 1290 888 1333 pascas
906 1284 1102 1334 parentes
1120 1275 1151 1320 ².
1173 1276 1279 1320 Nam
1300 1276 1334 1319 si
1352 1277 1470 1335 juxta
1489 1275 1683 1320 divinum
1707 1291 1800 1319 ora-

433 1347 602 1397 culum,
635 1346 896 1390 contumelia
923 1346 1110 1404 parentis
1135 1355 1274 1390 morte
1304 1347 1454 1398 luitur,
1478 1355 1639 1407 quanto
1665 1345 1800 1406 magia

431 1417 563 1460 sames
578 1433 672 1475 quae
689 1425 825 1461 morte
847 1418 1014 1476 gravior
1029 1426 1094 1461 est
1110 1416 1123 1440 ⁸
1145 1417 1165 1460 P

492 1488 692 1533 LXXlX.
728 1489 826 1541 Quo
850 1491 948 1532 loco
974 1489 1230 1532 insolentem
1267 1487 1476 1532 Dominus
1503 1488 1688 1532 infrenat
1714 1487 1802 1547 jac·

434 1559 625 1602 tantiam.
656 1559 778 1602 Multi
800 1559 939 1608 enim,
967 1567 1011 1601 ut
1035 1559 1325 1618 praedicentur
1346 1560 1399 1602 ab
1422 1559 1691 1609 hominibus,
1717 1558 1802 1603 Ec-

434 1630 570 1672 clesiae
597 1630 824 1672 conserunt
839 1661 849 1678 ,
869 1644 963 1686 quae
986 1629 1072 1671 suis
1094 1629 1314 1681 auserunt3
1341 1644 1439 1672 cum
1462 1628 1756 1672 misericordia
1779 1644 1801 1671 a

436 1699 670 1743 domestico
692 1700 897 1759 progredi·
914 1700 1068 1742 debeat
1091 1700 1260 1758 pietatis
1289 1699 1446 1743 officio.
1477 1699 1539 1743 Da
1563 1715 1665 1758 ergo
1686 1699 1803 1758 prins

439 1772 625 1829 parenti,
651 1772 702 1814 da
727 1772 855 1813 etiam
883 1770 1082 1828 pauperi,
1111 1771 1164 1813 da
1197 1771 1256 1813 illi
1290 1772 1540 1830 presbytero
1575 1772 1692 1830 quod
1727 1770 1803 1815 tibi

438 1842 623 1884 abundat
647 1850 865 1884 terrenum
880 1873 892 1890 ,
916 1849 963 1882 ut
980 1841 1032 1883 ab
1050 1841 1124 1884 illo
1141 1841 1325 1899 accipias
1346 1841 1565 1900 spirituale
1584 1840 1702 1899 quod
1725 1839 1803 1883 tibi

437 1914 578 1963 deest;
610 1912 770 1955 etenim
796 1912 869 1970 qui
893 1912 1098 1962 honorat,
1124 1912 1422 1956 honorabitur.
1451 1913 1558 1958 Vide
1578 1927 1680 1971 ergo
1703 1911 1802 1970 quia

438 1983 508 2026 ille
534 1998 632 2026 cum
660 1983 837 2042 accipit,
865 1983 994 2026 tradit
1015 1998 1025 2025 :
1050 1991 1094 2025 et
1115 1983 1269 2042 accipit
1291 1998 1378 2026 non
1407 1984 1527 2041 quasi
1557 1982 1705 2044 inops,
1729 1982 1806 2026 sed

435 2054 555 2112 quasi
584 2063 936 2098 remuneraturus
960 2054 1125 2111 majore
1145 2070 1358 2098 mensura.
1385 2055 1448 2098 Da
1472 2054 1648 2114 pauperi
1677 2054 1721 2097 in
1743 2069 1808 2096 re-

389 2179 392 2182 (
436 2126 577 2184 quiem
596 2125 711 2182 ejus,
732 2134 780 2168 ut
799 2133 844 2167 et
866 2134 910 2167 tu
933 2123 1258 2168 communicans
1280 2126 1332 2168 de
1353 2134 1426 2168 tuo
1449 2125 1593 2184 inopi,
1612 2125 1804 2183 requiem

437 2197 723 2254 consequaris.
753 2195 838 2239 Sed
860 2204 907 2238 ut
933 2195 1169 2253 pascendos
1193 2194 1413 2253 Scriptura
1437 2195 1542 2238 dicit
1555 2193 1770 2254 parentes*
1791 2209 1803 2237 ε

437 2266 493 2309 ita
521 2275 694 2325 propter
712 2266 850 2309 Deum
869 2266 1175 2323 relinquendos
1192 2274 1412 2323 parentes;
1433 2264 1466 2308 si
1480 2265 1717 2323 impediant
1736 2265 1807 2308 de-

436 2346 544 2381 votae
564 2337 718 2380 mentis
735 2337 926 2380 affectus.

507 2426 523 2448 ι
545 2409 725 2452 Factum
757 2417 821 2451 est
852 2416 995 2451 autem
1033 2421 1132 2450 cum
1165 2407 1548 2466 appropinquasset
1580 2405 1806 2455 Hiericho.

436 2480 640 2537 ‚quidam
661 2494 800 2522 caecus
819 2478 995 2522 sedehat
1016 2492 1139 2522 secus
1162 2478 1320 2521 viam⁶.
1344 2497 1360 2519 ι
1385 2479 1387 2482 ⁴

482 2590 494 2608 ¹
509 2583 616 2617 Exod.
630 2594 684 2620 xx.
705 2594 756 2617 u.
773 2602 814 2610 —
835 2594 847 2609 ⁸
870 2583 952 2618 Dist.
976 2593 1106 2624 mxxvi,
1122 2594 1197 2628 ουρ.
1216 2583 1395 2617 Caeterum.
1408 2601 1447 2608 —
1465 2585 1480 2608 ³
1497 2580 1603 2616 Exod.
1622 2591 1695 2622 xxi,
1711 2591 1809 2625 17.—

444 2641 457 2667 ⁴
473 2640 551 2673 Luc.
569 2649 640 2678 xm
658 2640 710 2673 26.
728 2658 766 2665 —
787 2643 799 2664 ὕ
818 2640 872 2674 ld.
890 2651 976 2680 xvn,
993 2639 1045 2672 35.
