1846 3262
421 284 503 340 372
985 291 1018 320 s,
1060 290 1253 321 amnesi!

419 371 590 431 prolicit
621 371 675 414 ad
709 364 977 428 reprimenda
1010 377 1211 428 peccata,
1250 368 1428 411 inauditi
1462 366 1629 426 generis
1660 375 1786 427 atque

420 435 620 487 deformis
643 441 831 485 belluina
846 441 1039 499 quaedam
1059 456 1213 499 pompa
1234 439 1447 499 supplicii.
1466 439 1626 484 Tamen
1648 456 1702 485 ne
1717 440 1787 484 cui

419 514 521 558 hine
557 528 726 572 quoque
756 512 1005 555 scandalum
1036 518 1265 569 generetur
1296 507 1493 560 infirmo,
1532 526 1618 552 non
1653 511 1789 554 otiose

421 584 544 628 simul
574 583 753 642 positam
786 590 985 641 putamus
1007 581 1165 624 molam
1189 580 1413 624 asinariam
1430 614 1442 631 ,
1468 581 1625 625 collum
1652 581 1788 624 homi-

421 654 508 707 nis,
533 654 792 712 profundum
816 651 956 695 maris.
987 651 1153 694 Etenim
1183 666 1282 694 cum
1307 651 1410 694 asini
1437 659 1585 710 typum
1610 652 1790 711 populus

419 725 585 784 gentilis
609 724 842 783 acceperit,
867 738 1009 766 nonne
1028 723 1104 766 tibi
1120 723 1286 766 videtur
1304 731 1504 781 tanquam
1523 724 1681 766 molam
1703 723 1786 767 asi-

419 797 579 840 nariam
614 797 803 844 volvere,
828 794 1015 852 quandiu
1040 793 1079 835 in
1110 793 1340 850 imperitiae
1363 808 1448 836 suae
1478 809 1625 836 errore
1648 808 1791 835 versa-

419 876 490 909 tur
505 900 515 916 ,
541 874 702 909 naturae
724 864 895 922 quidem
916 864 1097 906 vinculis
1119 864 1337 922 alligatus3
1359 872 1408 906 ut
1425 863 1600 906 verbum
1617 863 1791 911 emolat.

423 938 563 981 Deum
583 945 745 994 quaerat
770 951 780 977 τ
806 936 878 978 sed
911 943 1069 993 opertae
1100 935 1253 977 mentis
1281 934 1471 977 caecitate
1503 933 1712 983 suffusus:
1747 941 1795 976 ut

418 1011 584 1052 vultum
610 1007 740 1050 animi
763 1007 927 1065 erigere
951 1008 1001 1049 ad
1029 1006 1165 1066 Deum
1185 1039 1194 1055 ‚
1230 1015 1270 1048 et
1299 1007 1447 1049 oculos
1470 1005 1611 1049 cordis
1633 1005 1796 1063 aperire

421 1095 507 1122 non
549 1078 740 1121 noverit?
776 1078 827 1120 Et
861 1078 955 1119 ideo
988 1077 1077 1119 sine
1116 1077 1198 1119 ulla
1240 1092 1389 1119 cursus
1421 1076 1639 1119 alacritate
1656 1108 1665 1124 .
1710 1089 1797 1118 ves-

420 1149 532 1206 tigiis
555 1149 595 1190 in
619 1163 663 1190 se
683 1163 797 1206 saepe
826 1146 1108 1189 redeuntibus
1126 1181 1136 1195 ,
1163 1147 1318 1189 invitus
1342 1146 1434 1188 usui
1456 1145 1620 1189 laborat
1642 1145 1791 1187 aliene.

418 1220 579 1264 Tamen
602 1219 675 1277 qui
699 1221 854 1261 molam
880 1218 1034 1267 volvit,
1061 1216 1392 1260 consummandi
1419 1216 1646 1274 aliquando
1668 1214 1794 1258 finem

423 1292 562 1349 operis
592 1291 741 1338 habet,
767 1297 810 1332 et
830 1289 1034 1331 exuendae
1059 1305 1177 1347 spem
1205 1289 1312 1347 gerit
1339 1287 1541 1348 caecitatis
1566 1303 1576 1330 :
1599 1287 1669 1330 cui
1698 1301 1796 1328 vero

426 1364 537 1405 mola
564 1363 614 1403 ad
633 1362 790 1404 collum
810 1360 1109 1418 suspenditur,
1133 1368 1276 1418 portat
1295 1359 1479 1418 lapidem
1495 1392 1506 1408 ,
1531 1357 1602 1417 qui
1630 1366 1799 1417 portare

422 1432 593 1475 Domini
620 1431 768 1489 jugum
801 1430 1024 1474 recusavit.
1056 1430 1212 1474 Asinus
1238 1445 1339 1488 ergo
1367 1431 1419 1472 ad
1452 1430 1635 1480 molam,
1661 1443 1798 1472 caecus

429 1505 479 1546 ad
507 1503 692 1560 lapidem
707 1534 717 1550 ,
738 1500 907 1560 gentilis
924 1503 976 1543 ad
994 1517 1140 1544 saxum
1157 1534 1168 1550 ‚
1189 1500 1261 1559 qui
1279 1499 1429 1543 adorat
1447 1514 1545 1542 eum
1565 1514 1691 1558 quent
1715 1513 1799 1541 non

430 1574 572 1621 videt,
592 1587 672 1614 nec
694 1570 886 1629 agnoscit
905 1587 914 1613 :
932 1571 1074 1613 «neus
1099 1571 1213 1613 enim
1233 1586 1317 1614 non
1341 1571 1382 1613 in
1408 1569 1659 1614 manufactis
1686 1569 1803 1613 habi—

427 1664 443 1685 »
458 1644 564 1692 tat'‚
580 1662 594 1682 ι
617 1657 697 1685 nec
723 1642 764 1683 in
786 1656 885 1684 saxo
906 1642 1176 1700 agnoscitur,
1202 1643 1278 1684 sed
1302 1642 1343 1684 in
1367 1641 1531 1700 spiritu.

485 1711 631 1757 LXIV.
674 1702 857 1770 Uterque
891 1713 1021 1771 igitur
1056 1714 1237 1773 populus
1275 1721 1319 1755 et
1351 1712 1519 1771 gentilis
1553 1720 1598 1756 et
1627 1710 1801 1754 Judaeus

431 1799 587 1844 pompa
609 1784 791 1840 quadam
814 1784 1021 1826 sermonis
1045 1783 1174 1841 hujus
1199 1784 1428 1842 exponitur
1448 1799 1457 1825 ε
1476 1783 1551 1833 sed
1571 1781 1799 1829 vehemen-

433 1857 516 1899 tior
542 1855 583 1897 in
606 1854 781 1898 Judaeos
802 1870 926 1913 poena
951 1855 1213 1898 decernitur.
1241 1854 1478 1898 Gentilium
1504 1853 1617 1898 enim
1640 1868 1803 1896 meino-

432 1928 493 1971 ria
515 1926 657 1969 saeeuli
681 1926 801 1968 istius
823 1925 1027 1969 fluctibus
1045 1927 1276 1976 obruetur,
1303 1934 1346 1969 et
1363 1941 1486 1969 coeno
1507 1925 1654 1968 mundi
1675 1923 1803 1981 hujus

430 1998 695 2047 abolebitur,
729 1997 802 2055 qui
830 1998 940 2040 inter
964 2013 1012 2040 ea
1041 2013 1135 2056 quoe
1159 2013 1246 2041 non
1279 2005 1379 2040 sunt
1397 2031 1408 2046 ,
1433 2012 1525 2040 esse
1550 1997 1800 2043 voluerunt.

432 2078 476 2113 et
508 2067 680 2117 alienati
713 2081 735 2110 a
765 2068 941 2111 scientia
970 2067 1048 2111 Dei
1081 2076 1284 2126 tanquam
1311 2067 1354 2110 in
1385 2067 1646 2126 profundum
1677 2066 1804 2109 maris

430 2140 560 2185 mersi
582 2146 682 2181 sunt
700 2153 711 2180 t
731 2146 772 2181 at
791 2152 892 2181 vero
911 2137 938 2181 J
942 2138 1049 2181 udaei
1069 2153 1145 2197 per
1162 2137 1433 2182 patriarchas
1457 2137 1692 2196 assumpti,
1719 2136 1805 2180 cir-

434 2207 698 2254 cumcisione
713 2207 863 2266 signati
877 2241 888 2258 ‚
906 2223 982 2267 per
995 2207 1151 2267 Legem
1166 2207 1324 2251 eruditi
1342 2222 1429 2250 non
1446 2215 1649 2266 tanquam
1673 2201 1805 2265 ignoti

432 2279 661 2341 peribunt,
688 2276 761 2321 sed
779 2286 983 2336 tanquam
1007 2278 1199 2338 sacrilegi
1222 2278 1468 2337 punientur.
1493 2276 1662 2320 Etenim
1679 2265 1820 2319 Athe?

429 2350 651 2397 niensibus
664 2349 836 2407 ignotus
853 2348 1006 2400 Deus',
1022 2350 1065 2393 in
1092 2349 1118 2393 J
1122 2351 1243 2392 udoea
1254 2347 1423 2399 notus‘,
1453 2348 1528 2392 sed
1548 2362 1633 2391 non
1653 2360 1805 2404 recep-

431 2434 516 2468 tus.
544 2422 598 2465 Et
620 2421 718 2464 ideo
745 2420 818 2478 qui
846 2421 1036 2478 ignorat,
1063 2420 1359 2479 ignorabitur:
1381 2418 1454 2478 qni
1477 2416 1801 2478 praevaricatur,

437 2492 712 2538 damnabitur
722 2508 734 2540 ι
758 2506 839 2534 nec
863 2491 933 2535 ille
955 2500 1107 2535 exutus
1131 2507 1152 2534 a
1181 2493 1306 2550 culpa
1324 2524 1336 2542 ,
1370 2490 1444 2549 qui
1476 2486 1601 2533 suum
1633 2485 1811 2531 nescivit

438 2572 659 2609 auctorem
677 2577 689 2605 ε
709 2570 752 2605 et
769 2562 839 2606 ille
858 2570 1011 2607 exutus
1028 2577 1049 2605 a
1066 2562 1189 2606 venia
1202 2596 1214 2613 ,
1236 2562 1309 2621 qui
1324 2561 1560 2606 Dominum
1582 2572 1670 2603 non
1694 2572 1807 2601 rece-

484 2667 492 2683 ·
515 2657 591 2691 Aet.
609 2666 691 2695 nn,
711 2654 767 2693 ²⁴·
784 2673 825 2679 —-
842 2666 855 2682 ·
874 2654 968 2690 lbid.
986 2656 1037 2690 ηδ.
1058 2673 1099 2683 ·-
1115 2656 1130 2681 ⁸
1148 2654 1234 2690 Psat.
1253 2664 1349 2691 uu.
1366 2664 1398 2688 ι.
