1846 3262
403 299 486 343 356
953 313 989 340 s.
1030 312 1221 342 smnnosn

403 394 558 438 Beatus
581 394 721 451 itaque
737 392 808 450 qui
828 392 1024 436 habuerit
1041 401 1207 452 partem
1227 394 1266 436 in
1285 394 1420 452 prima
1435 395 1771 445 resurrectione:

404 464 514 507 sicut
539 464 650 507 enim
675 462 870 521 primitiae
888 463 1191 506 dormientium
1216 463 1454 514 Christus¹,
1480 464 1540 508 sic
1564 474 1666 509 tunc
1687 467 1776 526 pri-

408 535 537 578 mitiae
558 534 869 592 resurgentium
890 534 1080 577 Ecclesia
1100 543 1144 578 et
1162 534 1298 577 sancti
1320 533 1426 590 ejus.

466 605 645 650 XXVII.
668 606 759 648 1100
769 605 1019 663 mysterium
1033 605 1182 648 Petrus
1195 605 1304 648 scire
1315 620 1397 648 non
1410 605 1563 664 potuit.
1582 606 1779 650 Fortasse

406 678 550 721 scierit
570 679 622 720 de
646 677 819 720 Enoch:
842 677 934 734 quis
954 685 1094 719 tamen
1115 678 1258 736 potuit
1280 677 1534 735 mysterium
1558 678 1780 721 abscondi-

406 759 498 792 tum
522 749 562 791 in
592 750 680 791 Deo
704 749 888 791 humana
915 757 1060 790 mente
1083 747 1483 806 comprehendere?
1504 747 1655 791 Veniat
1678 764 1779 806 ergo

406 820 615 864 Dominus
638 820 678 862 in
698 819 880 862 animam
902 834 1037 861 meam
1053 851 1064 868 ,
1087 819 1127 861 in
1147 827 1333 862 mentem
1350 833 1489 862 meam
1509 852 1518 868 ,
1539 829 1666 878 atque
1685 835 1779 862 eam

408 890 607 948 subjiciat
631 890 732 939 sibi;
757 898 801 932 ut
825 905 922 932 cum
945 888 1138 945 subjecta
1163 904 1282 932 mens
1303 889 1432 932 suerit
1453 903 1574 940 mea,
1603 890 1743 933 dicam
1765 905 1775 932 ε

421 963 541 1006 «Non
570 962 728 1005 timebo
755 962 883 1009 mala,
908 960 1108 1017 quoniam
1134 969 1178 1002 tu
1213 976 1382 1004 mecum
1413 960 1498 1005 es'.
1517 980 1533 1001 ι

484 1034 552 1077 «Si
577 1033 807 1077 habueritis
830 1031 954 1074 Iidem
975 1033 1085 1074 sicut
1110 1047 1289 1089 granum
1309 1033 1464 1090 sinapis
1480 1065 1491 1082 ,
1511 1032 1660 1075 dicetis
1682 1032 1783 1076 huic

414 1126 428 1146 n
444 1105 583 1147 arbori
612 1119 731 1146 moro
754 1118 763 1145 :
786 1101 1011 1146 Erudicare
1026 1135 1035 1151 ‚
1059 1111 1101 1144 et
1118 1102 1280 1159 jactare
1299 1103 1340 1145 in
1361 1118 1500 1152 mare,
1517 1111 1560 1146 et
1581 1103 1786 1147 obaudiet

417 1197 432 1217 n
449 1173 604 1219 vobis³.
623 1194 636 1212 n

476 1245 678 1290 XXVIII.
716 1245 779 1288 De
810 1258 941 1303 grano
964 1243 1119 1301 sinapis
1143 1259 1269 1302 supra
1297 1243 1461 1286 dictum
1483 1253 1571 1295 est,
1598 1244 1711 1288 nune
1733 1247 1787 1288 de

420 1318 572 1361 arbore
594 1315 701 1359 mori
726 1325 790 1358 est
821 1315 1138 1372 disputandum.
1163 1314 1372 1358 Arborem
1396 1315 1515 1373 lego,
1539 1330 1623 1358 non
1647 1324 1787 1358 tamen

422 1390 619 1432 arborem
643 1388 788 1430 credo.
811 1386 915 1429 Nam
940 1400 1033 1442 quae
1050 1385 1156 1428 ratio
1173 1418 1182 1434 ‚
1203 1385 1274 1442 qui
1294 1384 1510 1443 profectus
1531 1385 1600 1429 hic
1623 1395 1787 1434 noster,

424 1469 470 1503 ut
490 1458 619 1501 arbor
641 1473 733 1516 quae
763 1456 1057 1499 laborantibus
1081 1455 1276 1514 agricolis
1303 1456 1408 1499 serat
1435 1458 1599 1499 fructus·
1617 1487 1628 1504 ‚
1650 1458 1792 1499 eradi-

422 1540 568 1579 cetur,
601 1537 644 1571 et
675 1527 867 1570 mittatur
895 1526 937 1568 in
969 1526 1119 1568 mare?
1141 1525 1261 1569 Licet
1283 1529 1365 1569 hoc
1396 1542 1471 1584 pro
1502 1527 1658 1570 virtute
1694 1525 1791 1570 [idei

421 1599 620 1661 possibile
641 1598 882 1656 judicemus
899 1630 908 1645 ,
929 1604 974 1638 ut
991 1596 1261 1645 sensibilibus
1280 1595 1468 1654 imperiis
1486 1604 1636 1640 natura
1656 1596 1793 1639 insen-

424 1672 556 1715 sibilis
577 1670 862 1727 obsequatur:
883 1668 984 1725 quid
1000 1667 1081 1710 sibi
1104 1668 1195 1710 vult
1213 1676 1353 1710 tamen
1375 1667 1501 1710 etiam
1520 1667 1607 1726 ipsa
1631 1668 1792 1710 arboris

424 1742 619 1803 species?
638 1741 739 1799 Legi
763 1740 935 1798 quidem
958 1754 997 1781 :v
1013 1739 1161 1782 Pastor
1181 1753 1297 1782 eram
1316 1753 1541 1797 caprarum
1557 1771 1568 1787 ‚
1592 1739 1793 1782 vellicans

427 1814 648 1863 »mora⁶;»
667 1822 709 1856 et
740 1820 844 1870 puto
866 1810 1123 1868 prophetam
1142 1809 1402 1868 significasse
1425 1809 1571 1860 nobis,
1600 1810 1713 1867 quod
1742 1825 1793 1852 cx

422 1894 698 1946 peccatorum
721 1898 847 1941 grege
868 1889 1068 1940 peccator
1088 1881 1177 1938 ipse
1204 1895 1433 1924 conversus
1456 1880 1508 1923 sit
1535 1894 1546 1922 :
1571 1879 1672 1923 licet
1694 1895 1793 1922 con-

421 1956 564 2000 veniat
585 1963 633 1998 ut
655 1954 822 1997 futurus
843 1952 1035 2011 gentium
1057 1950 1268 2009 Propheta
1295 1950 1484 1994 fructum
1508 1949 1708 2008 quesisse
1729 1951 1792 1992 vi-

424 2028 576 2071 deatur
596 2025 637 2067 in
661 2023 852 2067 sentibus
866 2055 877 2071 ,
901 2021 1046 2065 cibum
1074 2037 1126 2064 ex
1146 2021 1337 2064 sentibus
1358 2020 1541 2070 eruisse,
1562 2021 1637 2064 sed
1658 2021 1765 2064 deco
1779 2047 1790 2054 -

424 2099 536 2141 loros
563 2104 606 2139 et
636 2094 804 2138 soetidos
831 2107 979 2151 greges
1009 2092 1225 2150 gentium,
1256 2091 1434 2150 populos
1465 2090 1713 2140 nationum,
1745 2091 1788 2133 in

426 2180 601 2209 suorum
623 2163 883 2222 scriptorum
909 2162 1076 2221 pascuis
1093 2162 1309 2205 locaturus
1324 2194 1336 2211 ,
1354 2169 1403 2204 ut
1421 2160 1628 2219 spirituali
1655 2160 1793 2204 resec-

425 2237 542 2281 tione
573 2235 926 2295 pinguescerent3
961 2233 1050 2292 ipse
1076 2241 1218 2279 autem
1246 2234 1299 2277 <le
1326 2239 1554 2292 peccatore
1585 2244 1793 2275 converso

423 2310 491 2354 lac
513 2307 732 2366 spirituale
751 2306 978 2364 mulgeret.

485 2375 652 2423 XXIX.
691 2375 776 2420 Sed
800 2390 900 2420 cum
930 2375 974 2418 in
1002 2374 1084 2418 alio
1114 2373 1330 2433 Evangelii
1354 2373 1465 2418 libro
1490 2374 1544 2417 de
1573 2380 1719 2416 monte
1740 2372 1793 2416 sit

426 2446 629 2498 dictum⁵‚
646 2446 770 2505 cujus
793 2445 956 2505 species
978 2446 1093 2488 nuda
1105 2444 1371 2504 gignentium
1393 2443 1561 2494 vitium,
1584 2442 1794 2486 olearum-

426 2534 510 2577 que
526 2517 672 2577 jejuna
686 2548 697 2566 ‚
716 2517 960 2561 infoecunda
978 2515 1188 2560 messibus
1200 2548 1211 2565 ‚
1231 2524 1326 2575 apta
1342 2514 1530 2560 latibulis
1541 2513 1791 2565 bestiarum,

471 2630 480 2646 ¹
506 2632 519 2655 ι
538 2621 618 2655 Cor.
637 2632 691 2662 xv,
711 2633 763 2656 ao.
778 2640 819 2648 —
838 2631 851 2648 ⁸
869 2622 955 2658 Psal.
969 2632 1056 2663 xxn,
1071 2619 1106 2661 4.
1122 2638 1164 2648 -
1180 2622 1196 2647 ⁸
1210 2621 1290 2655 Luc.
1304 2631 1386 2663 xvn,
1402 2620 1480 2655 6.-
1498 2622 1514 2651 ⁴
1534 2619 1650 2654 Amo».
1664 2627 1723 2657 vn.
1738 2617 1790 2657 1⁴·

425 2694 466 2706 κ
483 2677 498 2702 ⁸
515 2674 638 2710 nauh.
653 2685 738 2718 xm,
760 2686 809 2719 ¹9·
