1800 3268
379 284 430 329 ιδ
923 295 954 325 ι.
995 294 1190 332 nunnoni

371 374 529 419 »ambo
551 371 674 430 justi,
698 370 982 415 incedentes
971 386 1015 416 in
1041 371 1243 419 omnibus
1265 369 1505 421 mandatis.
1524 376 1569 418 et
1588 365 1739 428 inmisi*
1764 392 1765 395 ¹

376 444 646 491 »cutionibns
669 440 842 485 Domini
862 442 954 486 sine
974 442 1188 501 querela¹.
1206 460 1222 483 ι
1719 475 1723 478 .

433 513 527 562 XV.
563 513 700 556 Docet
725 527 802 556 nos
829 510 1050 571 Scriptura
1082 512 1222 557 divina
1254 527 1343 559 non
1373 513 1511 557 solnm
1532 519 1677 559 moret
1696 508 1746 558 in,

374 589 422 633 iis
453 585 526 645 qui
555 583 845 643 praedicabiles
879 592 1003 635 sunt,
1042 585 1119 629 sed
1156 585 1285 628 etiam
1317 592 1514 644 parentes
1543 589 1742 642 oportere

371 657 561 706 laudam
583 663 631 698 ut
655 654 783 698 veluti
806 654 1049 699 transmissa
1078 655 1362 700 immaculatae
1383 655 1578 714 puritatis
1604 653 1742 701 haere-

374 729 483 773 ditas
503 726 547 769 in
572 724 621 768 iis
643 739 752 783 quos
773 725 968 768 volumus
997 726 1198 776 laudare,
1235 726 1462 784 praecellat.
1499 725 1606 780 Quae
1625 715 1742 769 enim

375 798 454 843 alia
478 796 656 840 intentio
677 795 760 839 hoc
781 796 878 840 loco
903 795 1039 840 sancti
1065 796 1368 856 Evangelistae,
1392 795 1474 840 nisi
1498 804 1546 839 ut
1568 802 1744 844 sanctu·

374 869 562 913 Joannes
583 866 773 926 Baptista
798 867 1051 911 nobilitetur
1070 869 1334 928 parentibus,
1352 866 1585 918 miraculis,
1611 864 1746 910 mori-

374 940 472 990 bus,
505 953 699 991 munere,
730 938 959 997 passione?
979 938 1050 983 Sic
1076 939 1206 983 etiam
1236 939 1373 983 sancti
1404 935 1579 982 Samu’e'l
1608 943 1747 984 metet·

377 1010 499 1055 Anna
517 1009 740 1053 laudatur:
757 1008 817 1051 sic
839 1008 956 1052 Isaac
978 1024 1000 1052 a
1021 1010 1271 1068 parentibus
1292 1009 1561 1054 nobilitatem
1577 1005 1749 1066 pietatis

378 1081 560 1138 accepit,
579 1094 706 1137 quam
720 1079 899 1138 posteris
922 1080 1162 1138 dereliquit.
1192 1080 1402 1125 Sacerdos
1421 1080 1566 1138 itaque
1588 1076 1749 1125 Zacha-

376 1152 475 1201 rias,
499 1166 579 1194 nec
602 1151 738 1193 solum
768 1151 983 1200 sacerdos,
1008 1152 1083 1194 sed
1104 1151 1233 1195 etiam
1254 1153 1308 1195 de
1331 1151 1424 1196 vice
1446 1149 1572 1202 Abia,
1595 1148 1644 1193 id
1665 1154 1747 1199 est.

378 1221 533 1265 nobilis
556 1220 666 1263 inter
686 1219 926 1277 superiores
946 1220 1139 1264 familias.

436 1290 552 1335 XVI.
603 1290 689 1332 «Et
715 1305 847 1338 uxor,
871 1290 1032 1347 inquit,
1057 1291 1149 1349 ejus
1172 1292 1225 1333 de
1247 1289 1415 1334 filiabus
1446 1289 1605 1334 Aaron.
1623 1286 1751 1336 nNnn

377 1363 515 1405 solum
548 1360 677 1418 igitur
698 1375 720 1403 a
744 1360 1017 1418 parentibus,
1049 1362 1123 1404 sed
1153 1361 1283 1405 etiam
1306 1377 1328 1405 a
1347 1359 1584 1419 majoribus
1611 1348 1750 1405 uncti

377 1431 550 1476 Ioannis
575 1430 776 1474 nobilitas
802 1439 1086 1491 propagatur,
1111 1446 1200 1475 non
1226 1431 1423 1475 saeculari
1445 1436 1656 1490 potestate
1683 1443 1752 1473 su

380 1503 539 1553 blimis,
565 1503 639 1545 sed
660 1501 874 1560 religionis
900 1503 1172 1547 successione
1193 1502 1460 1547 venerabilis.
1491 1501 1614 1546 Tales
1635 1499 1752 1554 enim

382 1574 566 1633 majores
581 1573 741 1617 hahere
758 1573 906 1618 debuit
921 1575 1185 1634 praenuntius
1206 1573 1364 1618 Christi
1374 1591 1388 1624 3
1410 1582 1560 1619 utnon
1577 1580 1754 1632 repente

383 1655 655 1706 conceptam.
685 1647 759 1689 sed
788 1662 810 1688 a
839 1645 1073 1704 majoribus
1102 1655 1338 1705 acceptam,
1368 1654 1411 1690 et
1442 1645 1534 1706 ipso
1569 1643 1755 1700 infusam

383 1718 478 1777 jure
518 1726 679 1761 naturae
721 1717 953 1776 praedicare
994 1716 1126 1763 fidem
1168 1716 1383 1763 Dominici
1423 1717 1642 1762 videretur
1684 1716 1755 1761 ads

384 1797 551 1833 ventus.

447 1859 583 1904 XVII.
630 1877 646 1899 ι
666 1859 821 1909 Erant,
845 1860 1006 1918 inquit,
1033 1860 1158 1903 ambo
1179 1860 1307 1919 justi,
1331 1858 1580 1904 incedentes
1601 1858 1644 1902 in
1667 1872 1757 1907 om·

387 1952 405 1972 n
420 1931 545 1976 nibus
561 1932 771 1976 mandatis
783 1941 825 1976 et
837 1931 1215 1989 justificationibus
1231 1930 1404 1975 Domini
1420 1931 1512 1978 sine
1527 1930 1713 1990 querela.
1727 1949 1750 1974 ιι.

324 2031 329 2038 ·
392 2004 508 2056 Quid
526 2003 578 2046 ad
599 2003 681 2047 hoc
703 2003 895 2055 referunt
911 2003 984 2060 qui
1000 2002 1186 2061 peccatis
1202 2001 1289 2045 suis
1305 2001 1452 2045 solatia
1465 2000 1756 2060 praei'erentes.

390 2073 481 2117 sine
497 2073 683 2131 peccatis
698 2073 990 2131 frequentibus
1003 2072 1222 2122 hominem
1239 2079 1392 2131 putant
1406 2086 1498 2119 esse
1513 2085 1600 2118 non
1615 2084 1757 2130 posse,

391 2153 436 2189 et
467 2151 648 2186 utuntur
676 2144 914 2193 versiculo;
946 2143 1046 2202 quia
1076 2143 1283 2202 scriptum
1311 2151 1376 2187 est
1396 2142 1441 2186 in
1460 2141 1760 2189 Job:«·Neme

391 2215 609 2258 »mundus
635 2229 658 2256 a
685 2215 825 2265 sorde,
858 2229 939 2257 nec
968 2214 1001 2258 si
1030 2229 1115 2257 una
1147 2214 1215 2257 die
1246 2213 1330 2256 vita
1357 2212 1450 2271 ejus
1470 2211 1525 2257 sit
1553 2212 1597 2255 in
1627 2220 1759 2266 terra,

393 2284 638 2330 »numerosi
656 2299 821 2327 menses
838 2284 931 2342 ejus
954 2284 1005 2327 ab
1029 2283 1214 2342 ipso'i’»
1228 2284 1397 2337 Quibus
1413 2283 1761 2342 respondendum

321 2368 324 2371 '
394 2364 475 2406 est,
505 2355 621 2415 prius
650 2355 824 2412 utquid
856 2354 909 2397 sit
941 2354 1160 2402 hominem
1198 2354 1288 2398 sine
1324 2361 1502 2413 peccato
1526 2368 1619 2397 esse
1652 2350 1761 2398 defi-

388 2428 534 2472 niant:
550 2435 693 2470 utrum
715 2441 937 2485 nunquam
959 2426 1134 2471 omnino
1150 2442 1367 2486 peccasse.
1389 2441 1445 2471 an
1460 2425 1637 2473 desiisse
1655 2438 1763 2485 pec,

393 2497 524 2544 care?
545 2498 590 2542 Si
610 2496 726 2542 enim
747 2497 830 2542 boc
851 2505 1004 2557 putant
1022 2497 1114 2543 sine
1137 2506 1315 2558 peccato
1336 2513 1443 2549 esse,
1469 2496 1643 2550 desiisse
1657 2509 1761 2555 pec?¹

391 2578 574 2615 carezet
606 2569 694 2629 ipse
724 2568 1179 2621 consenti03«0mnes
1215 2570 1330 2615 enim
1368 2575 1686 2631 peccaverunt,
1718 2574 1763 2612 et

437 2672 445 2689 ¹
464 2662 542 2696 Luc.
564 2672 591 2702 ι,
607 2662 640 2699 5,
654 2662 688 2696 6.
706 2679 747 2688 -
765 2670 778 2687 ²
794 2661 875 2698 Job.
900 2673 968 2702 κη’,
983 2662 1015 2703 4,
1029 2662 1060 2696 5.
