1800 3268
338 308 392 351 72
891 304 924 333 s.
962 303 1155 334 Aunnosu

336 385 492 444 quihus
518 398 595 443 per
624 382 824 428 duritiam
857 384 1013 427 mentis
1042 398 1190 427 saxeus
1222 382 1395 441 quidam
1420 381 1700 435 insensibilis,

334 455 723 513 irrationabilisque
744 462 907 498 naturae
930 471 1030 498 usus
1053 455 1299 499 inoleverat.
1320 454 1426 499 Nam
1442 454 1475 498 si
1492 455 1704 514 lapidibus

335 528 439 573 vivis
464 527 654 571 firmatos
675 526 788 570 viros
811 525 912 570 fidei
932 526 1088 570 robore
1108 526 1315 571 sententia
1334 526 1567 585 apostolica
1581 540 1704 571 com-

334 600 527 660 paravit,
550 599 668 657 juxta
693 600 809 658 quod
837 598 1045 657 scriptum
1066 606 1130 642 est
1152 598 1259 642 :«Et
1281 612 1354 642 vos
1378 598 1704 658 tanquamlapi·

335 673 440 715 »des
476 669 560 714 vivi
595 668 868 713 aedificamini
901 670 1053 713 domus
1088 668 1308 728 spiritalis,
1338 668 1381 711 in
1416 669 1703 714 sacerdotium

337 761 354 784 n
367 750 563 786 sanctum
579 775 591 793 ,
617 739 844 785 offerentes
860 739 1019 784 hostias
1035 739 1285 798 spiritalos¹z
1300 758 1316 779 n
1330 739 1466 783 multo
1486 739 1612 784 altius
1630 739 1703 785 hic

334 814 536 858 videntur
566 826 671 856 voce
703 811 955 871 prophetica
984 811 1196 870 lapidibus
1225 806 1421 854 homines
1442 810 1701 870 comparati,

337 884 411 942 qui
433 883 490 926 ita
514 882 713 926 humanae
736 897 907 925 sensum
932 882 1088 925 mentis
1110 880 1358 932 amiserant,
1389 887 1439 924 ut
1468 881 1570 924 dum
1594 880 1706 941 lapi-

335 954 462 998 dibus
489 961 642 1013 putant
667 951 897 996 divinitatis
923 952 1104 1010 alicujus
1130 951 1267 995 inc-sse
1291 951 1525 1003 rationem,
1559 951 1638 1011 ipsi
1660 952 1704 997 in

334 1032 532 1068 naturam
560 1023 750 1082 lapidum
783 1038 870 1066 non
901 1039 982 1066 usu
1012 1023 1226 1082 corporis,
1262 1021 1338 1065 sed
1367 1022 1522 1066 mentis
1554 1022 1705 1068 habitu

334 1094 645 1140 verterentur².
664 1094 859 1153 Denique
876 1110 928 1138 ex
947 1094 1130 1138 Abrahae
1148 1095 1386 1137 secundum
1408 1109 1584 1138 carnem
1603 1110 1703 1140 suc-

334 1166 526 1211 cessione
547 1175 785 1216 manantes,
805 1174 848 1209 et
862 1166 1075 1225 principes
1090 1165 1377 1208 Sodomorum
1388 1164 1701 1224 appellantur⁸,

333 1246 376 1282 et
394 1236 576 1296 parietes
594 1235 821 1280 dealbaw:
842 1237 899 1279 ita
916 1236 997 1279 sibi
1011 1236 1334 1295 praerogativam
1350 1235 1518 1295 generis
1531 1251 1703 1282 morum

331 1307 465 1366 magis
514 1306 748 1350 similitudo
780 1306 989 1357 vindicat,
1021 1322 1150 1364 quam
1179 1308 1286 1350 ordo
1311 1307 1539 1365 majorum.
1567 1298 1704 1363 Quin-

333 1379 462 1422 etiam
486 1385 533 1421 ut
552 1377 659 1421 scias
680 1377 780 1435 quia
799 1377 1013 1435 lapidibus
1036 1378 1271 1436 comparati
1293 1386 1393 1421 sunt
1404 1377 1617 1430 homines,
1640 1393 1704 1422 at·-

330 1448 509 1492 boribus
526 1463 698 1507 quoque
715 1447 910 1491 homines
928 1447 1193 1507 comparavit
1208 1448 1441 1506 subjiciens
1454 1449 1667 1509 Propheta
1684 1465 1696 1494 ε

401 1538 418 1560 «
432 1520 540 1574 Quia
559 1520 646 1578 jam
668 1520 830 1563 securis
858 1521 911 1563 ad
933 1521 1098 1563 radices
1115 1519 1317 1562 arborum
1334 1521 1471 1580 posita
1497 1521 1599 1566 est⁶.
1614 1541 1631 1562 ι

387 1589 584 1636 LXXVI.
620 1590 813 1649 Exempli
835 1599 977 1634 autem
1000 1591 1096 1634 ideo
1116 1591 1227 1634 sacta
1244 1591 1426 1635 mutatio
1447 1601 1511 1636 est
1521 1610 1535 1644 3
1558 1593 1700 1640 utillo

328 1659 658 1720 comparationis
681 1676 888 1719 processu
914 1660 1089 1719 quidam
1116 1661 1378 1720 intelligatur
1403 1661 1589 1708 hominis
1619 1666 1703 1709 cle-

324 1731 510 1775 mentior
530 1730 618 1789 jam
637 1730 870 1790 profectus.
906 1731 1013 1776 Nam
1035 1732 1095 1775 illi
1118 1741 1216 1775 ante
1239 1732 1452 1777 deformes
1473 1735 1526 1778 ad
1549 1750 1697 1787 usum,

326 1801 432 1845 nudi
454 1800 508 1844 ad
535 1809 760 1852 ornatum,
790 1801 955 1846 steriles
984 1804 1036 1846 ad
1059 1802 1273 1852 fructum,
1302 1803 1614 1850 irrationabiles
1645 1807 1702 1852 ad

330 1871 594 1932 profectum,
615 1872 703 1930 jam
728 1873 771 1915 in
796 1874 998 1917 arborum
1018 1873 1206 1932 speciem
1223 1873 1486 1934 figurantur,
1504 1892 1599 1936 quae
1629 1893 1701 1922 ra-

323 1943 521 1987 tionabili
545 1944 730 2002 quodam
756 1952 917 1988 naturae
933 1959 1112 1987 munere
1130 1944 1296 1988 decorae
1315 1946 1369 1989 ad
1391 1961 1532 1997 usum,
1558 1947 1611 1991 ad
1632 1963 1701 1993 as·

326 2023 502 2073 pectum
522 2023 736 2063 venustae,
761 2015 814 2057 ad
839 2014 1027 2057 fructum
1051 2014 1230 2072 opimae,
1254 2024 1434 2073 surgunt
1461 2018 1699 2063 cacumini-

329 2086 436 2135 bus,
465 2084 703 2127 funduntur
727 2084 937 2134 brachiis,
964 2085 1186 2143 replentur
1217 2085 1450 2138 fructibus,
1475 2086 1698 2134 frondibus

328 2155 582 2206 vestiuntur.
605 2155 746 2214 Atque
763 2156 926 2198 utinam
946 2171 1021 2199 nos
1040 2156 1335 2200 soecundarum
1353 2174 1475 2202 usum
1494 2161 1698 2208 arborum

329 2228 538 2287 possimus
565 2227 737 2277 imitari,
757 2228 1005 2285 meritisque
1029 2230 1319 2273 crescentibus
1346 2231 1445 2273 lon·
1420 2233 1700 2290 gaevaehumi-

330 2298 460 2342 litatis
483 2297 628 2342 radice
651 2298 838 2347 fundati,
861 2299 1064 2342 sublimes
1091 2300 1143 2342 ab
1174 2300 1335 2350 humo,
1359 2303 1503 2346 decori
1525 2306 1578 2348 ad
1599 2322 1698 2366 spe-

330 2370 440 2413 ciem
457 2369 623 2412 adultos
643 2368 961 2413 fructuosorum
979 2386 1159 2429 operum
1183 2373 1361 2415 vertices
1385 2374 1620 2433 erigamus:
1641 2393 1697 2422 ne

322 2439 576 2498 Evangelica
594 2439 755 2482 securis
772 2439 966 2499 agricol‘e
985 2441 1124 2484 trunci
1142 2443 1331 2486 radicem
1354 2445 1556 2490 silvestris
1582 2448 1695 2493 exci-

325 2509 410 2552 dat.
436 2507 531 2551 «Vae
552 2509 667 2552 enim
692 2475 820 2553 mihin
816 2518 895 2559 est,
911 2511 1044 2554 sinon
1066 2515 1452 2572 evangelizavero⁸.
1470 2535 1485 2557 ι
1508 2516 1593 2562 Sod
1610 2534 1693 2566 vox

327 2578 406 2642 ista
428 2577 672 2638 Apostolica
691 2589 770 2624 est.
788 2580 974 2625 Voemihi
995 2591 1080 2633 est,
1097 2584 1130 2627 si
1150 2600 1236 2628 non
1257 2598 1432 2645 peccata
1447 2588 1685 2643 deflevero.

374 2679 416 2703 Ιι
438 2670 631 2712 Petr.11,5.
650 2671 814 2708 —21sa1
833 2676 1272 2721 ¹,1o.—³Matth.uux,
1289 2691 1329 2726 ²7
1332 2681 1519 2733 ··.''’⁴Ac²
1535 2693 1634 2725 mu,
1646 2684 1683 2718 3.

327 2726 834 2771 -110uc.1n,9.-⁰1c0r.
854 2730 969 2769 nx,16.

1788 1920 1800 1979 ᾗ

1791 2050 1800 2063 ’ᾖ
