1846 3262
431 279 519 332 448
987 289 1021 320 ι.
1058 290 1253 320 Ακιιιιοειι

431 369 587 414 marito
602 400 613 418 ‚
639 377 686 412 ut
706 367 920 426 juniorem
946 377 1192 427 sequantur.
1223 368 1368 412 Discat
1384 383 1485 428 ergo
1504 368 1706 420 Ecclesiae
1728 369 1806 414 hic.

434 456 526 484 esse
546 439 797 499 mysterium
813 473 824 488 ‚
844 455 938 498 quae
960 442 1119 499 populo
1137 439 1292 482 seniori
1316 440 1458 498 specie
1476 449 1572 484 ante
1586 442 1799 499 copulata.

435 527 522 555 non
545 527 621 554 usu
639 544 649 560 ,
676 520 948 568 posteaquam
980 511 1145 569 peperit
1171 511 1355 554 Verbum
1373 545 1384 561 ,
1407 521 1449 555 et
1471 512 1514 554 in
1551 512 1804 572 corporibus

437 599 486 626 ac
517 572 984 626 mentihus'hominum
1024 598 1099 640 per
1130 581 1258 625 fidem
1295 583 1435 626 crucis
1464 591 1507 627 et
1540 585 1804 642 sepulturam

440 652 657 695 Dominici
682 652 871 710 corporis
893 652 1140 702 seminavit,
1160 668 1211 695 ex
1232 661 1446 712 praecepto
1463 652 1541 697 Dei
1557 653 1804 697 societatem

439 725 585 784 populi
610 723 788 780 junioris
810 724 949 782 elegit.

503 795 717 839 CXXXV.
757 796 913 848 Quaero
935 795 1062 839 etiam
1086 811 1164 839 cur
1188 803 1284 839 ante
1306 805 1488 840 mortem
1513 811 1598 856 non
1623 796 1808 840 invenia-

442 882 538 910 mus
554 883 644 909 esse
663 882 912 925 percussum
927 899 940 916 ,
958 875 1054 925 post
1071 876 1252 917 mortem
1271 866 1586 910 inveniamus¹P
1601 867 1686 912 Nisi
1702 867 1809 911 sorte

443 946 491 979 ιιι
516 936 780 979 voluntarius
801 936 938 978 exitus
962 936 1055 993 ejus
1087 937 1219 996 magis
1241 952 1368 995 quam
1394 937 1657 982 necessarius
1685 937 1812 981 fuisso

443 1008 666 1057 doceatur,
686 1016 729 1049 et
742 1007 936 1050 ordinem
954 1007 1185 1065 mysticum
1204 1006 1476 1058 noverimus3
1496 1008 1594 1066 quia
1613 1023 1696 1052 non
1714 1016 1813 1051 ante

444 1078 586 1120 altaris
623 1086 915 1127 sacramenta,
957 1093 1084 1135 quam
1116 1078 1377 1136 baptismum
1409 1093 1419 1121 ε
1445 1080 1522 1122 sed
1553 1078 1812 1137 baptismum

445 1157 568 1197 ante.
592 1149 652 1191 sic
676 1150 894 1207 poculum,
924 1149 1089 1192 Deinde
1112 1158 1159 1192 ut
1178 1151 1448 1194 advertamus
1473 1150 1572 1209 quia
1594 1150 1695 1193 licet
1714 1164 1814 1194 cor-

443 1220 557 1277 poris
586 1219 679 1276 ejus
712 1219 839 1263 suerit
868 1228 1018 1263 natura
1049 1221 1263 1270 mortalis,
1293 1222 1396 1265 licet
1427 1222 1606 1279 qualitas
1637 1221 1808 1271 similis;

445 1291 658 1334 dissimilis
683 1299 823 1335 tamen
846 1292 992 1350 gratia.
1025 1292 1130 1336 Nam
1157 1292 1303 1351 utique
1322 1302 1416 1351 post
1438 1302 1622 1336 mortem
1644 1283 1829 1352 sanguis¹

444 1361 488 1404 in
507 1361 660 1404 nostris
677 1362 930 1420 corporibus
942 1363 1226 1421 congelascit:
1244 1378 1295 1406 ex
1313 1363 1385 1406 illo
1402 1373 1544 1408 autem
1565 1364 1813 1423 incorrupto

443 1432 544 1475 licet
563 1447 744 1490 corpore
759 1464 771 1482 ‚
796 1434 870 1475 sed
889 1432 1117 1484 defuncto,
1143 1434 1334 1477 omnium
1354 1435 1435 1478 vita
1457 1435 1668 1479 manabat.
1692 1434 1812 1493 Aqua

445 1503 560 1545 enim
582 1511 624 1545 et
646 1503 815 1561 sanguis
836 1503 965 1546 exivit
985 1519 995 1546 ε
1017 1505 1085 1547 illa
1104 1520 1198 1562 quae
1216 1506 1370 1556 diluat,
1395 1506 1473 1549 iste
1493 1506 1564 1564 qui
1586 1504 1807 1550 redimut².

440 1575 645 1617 Bibamus
671 1589 772 1632 ergo
800 1574 983 1632 pretium
1006 1585 1227 1625 nostrum,
1253 1584 1301 1620 ut
1320 1576 1508 1620 bibendo
1532 1576 1809 1620 redimamur.

426 1642 444 1653 ”
505 1643 744 1688 CXXXVI.
782 1644 897 1697 Quid
923 1646 1003 1688 sibi
1024 1646 1153 1689 etiam
1177 1648 1291 1695 vult,
1329 1649 1446 1704 quod
1473 1662 1560 1691 non
1592 1644 1811 1706 Apostoli,

443 1715 518 1757 sed
534 1714 688 1772 Ioseph
701 1723 745 1757 et
761 1714 1019 1758 Nicodamus
1033 1716 1251 1760 Christum
1269 1716 1531 1776 sepeliunt'i’
1543 1718 1660 1762 Unus
1675 1718 1814 1776 justus

447 1793 491 1828 et
522 1793 743 1835 constans,
787 1786 893 1828 alter
931 1785 974 1828 in
1007 1801 1091 1844 quo
1125 1785 1247 1830 dolus
1279 1802 1366 1830 non
1398 1787 1538 1838 erat⁶3
1572 1788 1666 1831 talis
1697 1787 1813 1831 onim

449 1854 606 1898 Christi
637 1863 701 1898 est
731 1856 970 1913 sepultura,
1007 1871 1102 1915 quae
1133 1858 1328 1901 fraudem
1350 1858 1703 1917 iniquitatemque
1729 1873 1813 1902 non

446 1924 615 1968 habeat.
644 1925 896 1968 Obstruitur
918 1926 1047 1985 igitur
1071 1927 1376 1986 tergiversandi
1400 1931 1521 1973 locus
1536 1960 1550 1980 .
1573 1938 1617 1974 et
1640 1930 1813 1972 domes-

446 1995 531 2038 tico
545 1994 682 2038 Judaei
698 1995 940 2040 testimonio
952 1998 1254 2047 revincuntur3
1271 2014 1369 2042 nam
1385 1999 1420 2042 si
1434 1999 1626 2058 Apostoli
1637 1998 1815 2058 sepelis·

443 2074 537 2109 sent
551 2098 564 2115 .
584 2065 777 2110 dicerent
793 2067 940 2126 utique
961 2083 1048 2111 non
1070 2070 1287 2127 sepultum
1302 2102 1314 2121 ,
1334 2086 1463 2128 quem
1481 2071 1696 2130 sepultum
1717 2085 1812 2129 rap·

447 2145 540 2180 tum
556 2151 648 2179 esse
671 2136 882 2182 dixerunt.
1362 2176 1363 2179 η

511 2207 769 2251 CXXXVII.
795 2208 821 2251 J
826 2216 944 2252 ustus
958 2217 1098 2252 autem
1116 2209 1273 2254 Christi
1290 2226 1445 2269 corpus
1462 2210 1601 2270 operit
1615 2210 1811 2261 sindone,

450 2277 655 2321 innocens
680 2278 802 2338 ungit
830 2280 1095 2338 unguento⁵;
1126 2296 1312 2339 namque
1338 2281 1431 2324 haec
1455 2297 1540 2325 non
1563 2282 1697 2325 otiose
1725 2281 1813 2326 ‹lis-

449 2348 582 2393 tincta
607 2350 866 2408 reperimus;
885 2351 982 2408 quia
998 2350 1160 2409 justitia
1181 2352 1303 2395 vestit
1320 2352 1581 2403 Ecclesiam,
1605 2352 1814 2396 innocen-

454 2422 510 2465 tia
533 2421 710 2479 gratiam
738 2422 1044 2465 subministrat.
1078 2421 1194 2466 Vesti
1215 2438 1316 2482 ergo
1336 2432 1380 2467 et
1396 2432 1440 2468 tu
1463 2423 1634 2468 Domini
1658 2438 1812 2481 corpus

427 2537 431 2541 ,
453 2493 586 2551 gloria
617 2508 716 2542 sua,
746 2502 794 2536 ut
818 2503 862 2536 et
884 2493 972 2552 ipse
996 2495 1051 2537 sis
1071 2493 1209 2552 justus
1234 2510 1244 2537 :
1271 2503 1316 2538 et
1336 2495 1371 2539 si
1395 2504 1615 2539 mortuum
1645 2494 1809 2545 credis,

499 2595 628 2684 *13:³3
641 2606 712 2637 xix,
726 2596 782 2637 34.
798 2614 840 2624 —-
861 2599 875 2614 ’
889 2596 978 2632 lbid.
992 2612 1035 2623 -
1051 2598 1067 2623 ⁸
1082 2596 1160 2632 Luc.
1187 2607 1270 2643 un,
1287 2599 1339 2634 ⁵0.
1356 2615 1396 2625 -—
1419 2601 1434 2630 ⁴
1450 2599 1546 2633 Soan-
1564 2608 1635 2641 xix,
1650 2596 1694 2632 58
1708 2602 1741 2632 et
1759 2606 1812 2642 ¹9.

450 2651 520 2677 ...⁵
583 2649 592 2683 i
618 2650 694 2690 ‚4⁰-
