1846 3262
376 282 478 333 Α184
941 288 973 317 S.
1013 288 1205 317 Amnnosu

390 374 502 417 enim
527 372 559 414 si
582 369 712 414 hostis
732 368 803 426 qui
825 375 969 410 tecum
994 366 1106 410 bello
1130 365 1346 424 armisque
1367 367 1611 417 certaverit.
1633 370 1759 429 depo-

387 444 478 488 sitis
505 441 646 489 armis.
678 438 1012 482 misericordiam
1046 453 1131 480 suae
1166 438 1311 481 salutis
1343 438 1605 497 adipiscitur,
1630 439 1757 499 idque

386 517 640 573 plerumque
675 512 740 554 vel
771 509 1132 568 contemplatione
1166 516 1355 558 naturae,
1389 510 1456 552 vel
1491 509 1626 568 ipsius
1657 511 1757 556 belli

382 586 478 642 jure
501 583 705 633 defertur,
726 589 773 624 ut
793 580 998 639 subjectis
1024 580 1105 623 vita
1129 580 1371 623 tribuatur:
1397 588 1557 638 quanto
1577 582 1759 641 am'plius

381 654 559 698 meliore
580 652 794 711 religionis
817 652 971 695 intuitu
994 650 1271 694 deserendum
1294 650 1390 693 est?
1409 650 1514 695 Nam
1535 666 1636 696 cum
1653 667 1760 712 prae·

382 727 578 770 liatorem
602 725 798 783 appetitae
818 723 966 766 salutis
985 737 1110 766 causa
1138 737 1225 766 non
1247 729 1435 773 moveat,
1456 722 1563 781 quid
1587 737 1759 769 movere

385 798 514 840 dehet
531 797 709 839 militem
734 795 847 854 pacis
874 794 983 852 (30).

442 867 657 912 LXXVII.
686 866 832 925 Itaque
848 866 955 909 illud
973 864 1296 924 Apostolicum,
1324 865 1451 924 quia«
1474 865 1669 912 Charitas
1687 882 1760 928 pa·

386 939 524 983 »tiens
541 947 620 989 est,-
641 937 824 997 benigna
840 945 928 988 est,
950 952 1037 980 non
1054 938 1370 999 aemulatur...,‚
1393 953 1480 981 non
1497 937 1717 990 inflatur¹,
1730 958 1748 981 »

386 1010 429 1053 in
450 1009 513 1053 his
540 1010 761 1068 praeceptis
792 1018 1139 1053 consummatum
1161 1009 1368 1054 videmus.
1401 1009 1446 1054 Si
1469 1010 1636 1068 patiens
1662 1019 1754 1063 est,

388 1080 516 1123 debet
544 1081 791 1138 patientiam
826 1080 1098 1124 verberanti:
1133 1081 1167 1123 si
1193 1081 1377 1140 benigna
1399 1088 1486 1131 est,
1521 1096 1607 1125 non
1632 1083 1762 1127 debet

386 1152 646 1207 respondere
665 1150 931 1194 maledictis:
956 1153 990 1193 si
1015 1166 1103 1194 non
1131 1151 1282 1208 quaerit
1303 1166 1397 1209 quae
1425 1166 1501 1195 sun
1525 1161 1647 1202 sunt,
1672 1167 1759 1196 non

390 1221 518 1264 dehet
546 1221 743 1264 resistere
775 1221 990 1279 diripienti
1022 1236 1032 1263 :
1065 1223 1097 1264 si
1133 1236 1216 1264 non
1241 1223 1480 1271 aemulatur,
1507 1222 1648 1266 odisse
1672 1237 1760 1267 non

389 1293 518 1335 debet
544 1293 782 1336 inimicum.
806 1293 856 1335 Et
881 1301 1023 1336 tamen
1052 1292 1294 1352 apostolicis
1315 1293 1468 1337 divinae
1490 1294 1761 1354 superfluunt

387 1373 599 1423 praeeepta
627 1365 821 1422 pietatis;
847 1367 941 1423 plus
969 1373 1034 1408 est
1063 1365 1177 1408 enim
1205 1365 1394 1418 donare,
1421 1380 1550 1423 qnam
1573 1366 1756 1410 cederez

388 1435 484 1492 plus
508 1444 571 1478 est
598 1450 739 1477 amare
762 1435 972 1485 inimicos,
1002 1450 1130 1494 quam
1153 1450 1239 1478 non
1255 1435 1458 1479 aemulari.
1485 1436 1592 1489 Quoe
1612 1435 1756 1480 omnia

392 1506 600 1548 Dominus
621 1514 663 1548 et
692 1506 820 1555 dixit,
855 1515 898 1550 et
928 1505 1040 1550 fecit.
1071 1507 1277 1559 Quicum
1299 1506 1647 1558 malediceretur,
1673 1511 1758 1551 non

390 1575 652 1618 remaledixit
686 1591 696 1618 :
733 1591 830 1619 cum
868 1586 1182 1635 percuteretur,
1214 1592 1298 1620 non
1332 1578 1590 1635 repercussit
1617 1593 1627 1621 ε
1659 1591 1758 1622 cum

391 1646 712 1705 despoliaretur,
736 1661 820 1691 non
843 1647 1024 1691 restitit:
1050 1662 1150 1691 cum
1174 1647 1512 1706 crucifigeretur,
1539 1648 1640 1707 ipsis
1667 1664 1760 1708 per·

392 1716 659 1760 secutoribus
687 1719 853 1761 veniam
878 1718 1130 1776 postulavit,
1167 1717 1314 1761 dicens
1340 1734 1385 1759 :t
1412 1717 1553 1770 Pater,
1590 1718 1759 1762 dimitte

392 1789 502 1832 »illis
526 1798 750 1848 peccatum
767 1821 779 1841 ‚
801 1790 899 1848 quia
924 1789 1121 1833 nesciunt
1151 1789 1258 1847 quid
1280 1788 1486 1832 faciunt².
1519 1808 1536 1829 n
1552 1789 1759 1833 Crimina-

391 1868 505 1903 tores
533 1877 631 1904 suos
656 1862 885 1905 excusabat
912 1877 933 1903 a
956 1861 1146 1904 crimine.
1170 1861 1234 1904 llli
1253 1875 1427 1905 crucem
1446 1861 1669 1920 parabant,
1688 1860 1758 1906 hic

391 1933 570 1976 salutem
587 1941 631 1975 et
649 1932 826 1990 gratiam
850 1932 1123 1990 rependebat.

448 2003 680 2048 LXXVIII.
709 2004 762 2048 Et
781 2012 924 2048 tamen
947 2004 1147 2062 quoniam
1165 2003 1308 2046 studia
1334 2003 1422 2062 ipsa
1438 2003 1646 2047 virtutum
1667 2002 1758 2047 sine

316 2121 320 2125 ,
389 2074 733 2118 remuneratione
757 2081 1029 2132 torpescunt.
1064 2082 1108 2117 et
1126 2074 1370 2132 exemplum
1392 2073 1518 2117 nobis
1541 2073 1696 2123 attulit,
1715 2080 1759 2118 et

390 2145 634 2188 mercedem
663 2145 892 2203 spopondit
908 2160 930 2187 e
957 2146 1091 2194 coelo,
1112 2143 1218 2187 filios
1239 2143 1319 2187 Dei
1345 2144 1510 2187 futuros
1534 2143 1756 2202 pollicem

387 2215 460 2273 qui
473 2215 629 2258 suerint
644 2215 876 2258 imitatores
889 2213 1016 2273 ejus'.
1031 2214 1116 2267 Qui
1131 2213 1246 2258 enim
1265 2213 1433 2257 festinat
1449 2216 1500 2257 ad
1517 2213 1756 2272 praemium.
1795 2232 1801 2237 ·

390 2286 578 2330 fastidire
594 2301 681 2329 non
702 2287 829 2330 debet
845 2288 1110 2344 exemplum:
1134 2285 1231 2343 quia
1258 2294 1416 2344 quanto
1441 2285 1757 2345 praecellentius

383 2358 630 2417 praemium,
654 2366 771 2402 tanto
791 2357 1022 2417 impensius
1043 2357 1246 2401 officium.
1274 2357 1442 2409 Quanta
1466 2365 1612 2400 autem
1634 2356 1758 2400 miso-

385 2428 580 2472 ricordiae
598 2443 780 2478 merces,
801 2443 894 2486 qnae
911 2428 951 2471 in
977 2428 1045 2486 jus
1067 2427 1219 2470 divinae
1244 2426 1485 2485 adoptionis
1506 2425 1760 2471 asciscitur?

391 2500 579 2557 Sequere
597 2499 724 2557 igitur
746 2499 1103 2547 misericordiam,
1131 2508 1179 2541 ut
1201 2499 1403 2543 merearis
1423 2499 1616 2558 gratiam.

450 2569 650 2614 LXXIX.
685 2570 787 2613 Late
818 2578 934 2628 patet
963 2569 1199 2627 benignitas
1229 2568 1334 2612 Dei‘
1368 2584 1378 2612 :
1415 2585 1544 2629 snper
1572 2569 1757 2628 ingratos

447 2671 454 2685 ¹
480 2675 490 2696 1
510 2663 589 2697 Cer.
607 2675 681 2706 xiu,
698 2662 729 2702 ti-
746 2683 783 2688 —
802 2674 814 2689 ⁸
833 2664 1019 2702 Lucum,
1036 2663 1136 2702 54.-
1159 2663 1244 2697 ³1d.
1262 2673 1310 2702 vn,
1324 2662 1379 2697 55.
1399 2683 1437 2689 -
1458 2663 1578 2698 ⁴1hid.
1595 2663 1651 2698 36.
