1800 3268
363 294 421 344 48
914 300 950 331 s.
987 297 1180 331 sunnosu

362 395 505 430 tamen
526 395 613 426 non
630 378 784 439 repleri
800 378 978 439 Spiritu,
1001 381 1076 423 sed
1098 377 1293 439 spiritum
1306 377 1398 436 ejus
1418 377 1610 422 exultare
1629 391 1728 438 cog-

362 456 580 506 novimus3
618 451 1059 511 incomprehensibilis
1093 451 1207 494 enim
1241 449 1729 510 incomprehensibiliter

364 526 620 586 operabatur
637 523 680 566 in
696 530 847 567 matre.
876 522 930 567 Et
952 522 1021 567 illa
1044 531 1139 582 post
1156 530 1411 581 conceptum
1429 523 1635 581 repletur,
1650 519 1730 565 ista

365 606 462 642 ante
488 603 759 655 conceptum.

434 686 450 708 α
468 667 702 712 Benedicta
735 674 783 709 tu
811 665 923 709 inter
949 664 1174 715 mulieres,
1205 672 1249 708 et
1276 661 1530 708 benedictus
1566 663 1731 708 fructus

366 759 383 782 ι»
396 739 553 784 ventris
571 737 646 781 tui.
668 736 721 780 Et
739 737 854 780 unde
871 735 955 779 hoc
970 735 1077 779 mihi
1093 743 1141 778 ut
1157 734 1299 778 veniat
1312 742 1450 778 mater
1463 733 1635 779 Domini
1646 734 1733 779 mei

371 830 388 853 ι»
403 812 454 855 ad
475 809 566 854 me¹
586 809 605 852 i>
622 828 639 851 ιι

426 880 583 926 XXIV.
622 879 748 925 Novit
783 893 1024 924 sermonem
1056 892 1180 922 suum
1211 877 1395 937 Spiritus
1425 885 1619 928 sanctus,
1653 890 1734 921 nec

367 965 555 1009 unquam
573 949 849 994 obliviscitur.
876 950 930 993 Et
950 949 1173 1008 prophetia
1197 963 1283 992 non
1302 949 1440 992 solum
1460 962 1603 1006 rerum
1621 961 1737 991 com-

369 1022 512 1080 pletur
532 1021 765 1073 miraculis,
784 1021 859 1063 sed
876 1020 1005 1063 etiam
1026 1019 1285 1078 proprietate
1307 1018 1549 1062 verborum.
1567 1008 1657 1072 ,Qui
1675 1025 1740 1060 est

367 1092 446 1135 iste
475 1091 639 1135 fructus
664 1092 843 1144 ventris,
874 1091 955 1133 nisi
985 1090 1056 1133 ille
1079 1091 1132 1133 de
1155 1104 1240 1148 quo
1271 1089 1434 1132 dictum
1458 1096 1523 1132 est
1550 1103 1562 1131 :
1588 1105 1606 1128 ι
1624 1087 1739 1131 Ecce

367 1181 384 1204 »
399 1163 621 1206 haereditas
642 1162 812 1207 Domini
830 1160 922 1210 filii,
933 1176 1098 1204 merces
1118 1161 1281 1204 fructus
1295 1159 1452 1203 ventris
1466 1158 1537 1202 ²?1·
1549 1159 1640 1203 Ηοο
1655 1166 1738 1211 est,

367 1230 592 1276 haereditas
612 1233 785 1276 Domini
807 1232 881 1275 filii
904 1241 1018 1282 sunt,
1040 1231 1112 1290 qui
1128 1246 1294 1274 merces
1311 1239 1410 1274 sunt
1425 1230 1589 1273 fructus
1610 1228 1736 1280 illius,

367 1305 441 1362 qui
473 1306 526 1347 de
558 1304 699 1347 Mariae
729 1312 876 1347 ventre
904 1303 1124 1363 processit.
1159 1303 1254 1361 lpse
1279 1302 1444 1345 fructus
1476 1301 1635 1345 ventris
1656 1309 1737 1351 est,

366 1374 444 1419 ssos
459 1374 628 1424 radicis,
647 1374 701 1417 de
718 1390 801 1432 quo
818 1375 930 1417 bene
948 1373 1218 1431 prophetavit
1233 1373 1377 1416 Esaias
1395 1373 1539 1416 dicens
1558 1387 1570 1415 ε
1586 1390 1603 1412 ‹
1619 1372 1740 1416 Exiet

367 1465 384 1486 a
398 1445 511 1503 virga
531 1446 583 1488 de
600 1444 743 1488 radico
762 1443 900 1494 Jcsse,
924 1452 967 1487 et
985 1444 1061 1486 ssos
1082 1459 1135 1486 ex
1151 1444 1296 1487 radice
1315 1445 1409 1498 ejus
1432 1443 1660 1487 ascendet⁸
1678 1461 1691 1494 ;
1711 1465 1727 1485 n

367 1515 487 1559 radix
502 1515 618 1558 enim
644 1523 707 1558 est
722 1513 880 1557 familia
894 1514 1161 1563 Judaeorum‚
1188 1514 1303 1572 virga
1329 1514 1475 1564 Maria,
1494 1513 1573 1558 ssos
1597 1515 1738 1559 Mariae

371 1585 674 1643 Christus2qui
695 1585 827 1629 veluti
849 1586 971 1628 bonae
997 1585 1159 1628 arboris
1188 1585 1352 1629 fructus
1375 1601 1453 1644 pro
1479 1594 1633 1628 nostrae
1659 1586 1739 1629 vir-

368 1657 469 1700 tutis
490 1671 690 1716 processu
712 1671 828 1700 nunc
851 1656 991 1706 ssorct,
1013 1671 1130 1699 nunc
1146 1655 1377 1701 fructificat
1396 1656 1440 1700 in
1461 1656 1600 1710 nobis,
1623 1671 1736 1701 nunc

369 1727 553 1771 rediviva
576 1728 767 1787 corporis
790 1727 1104 1771 resurrectione
1125 1737 1358 1787 reparatur.

439 1817 455 1838 a
473 1799 526 1843 Et
547 1801 661 1843 unde
697 1799 782 1842 hoc
813 1798 936 1851 mihi,
962 1807 1011 1842 ut
1031 1800 1173 1843 veniat
1202 1809 1338 1857 mator
1368 1798 1540 1844 Domini
1569 1799 1655 1843 mci
1685 1800 1737 1843 ad

371 1870 497 1914 nme?
517 1889 534 1910 n
1400 1872 1402 1874 ’

427 1940 565 1985 XXV.
603 1939 696 1985 Non
719 1941 838 1999 quusi
861 1941 1059 2000 ignorans
1087 1942 1215 1992 dicit;
1249 1943 1329 1986 scit
1354 1943 1468 1986 enim
1495 1958 1586 1987 esso
1609 1941 1739 2002 Spiri-

371 2017 438 2054 tus
460 2011 593 2054 sancti
627 2012 803 2068 gratiam
827 2019 870 2054 et
892 2012 1200 2069 operationem,
1227 2022 1275 2056 ut
1299 2022 1437 2056 mater
1462 2012 1683 2071 Prophetoe
1715 2027 1737 2056 a

370 2089 506 2125 matre
530 2081 700 2124 Domini
729 2083 782 2124 ad
817 2082 1057 2139 profectum
1091 2084 1155 2125 sui
1182 2083 1368 2142 pignoris
1402 2085 1640 2128 salutetur:
1661 2084 1737 2127 sed

370 2151 487 2209 quasi
510 2166 596 2193 non
622 2150 796 2193 humani
819 2151 901 2194 hoc
927 2153 1091 2202 meriti,
1121 2154 1195 2196 sed
1224 2154 1375 2197 divinae
1405 2155 1549 2214 gratiae
1579 2169 1735 2198 munus

370 2236 462 2265 esse
474 2230 716 2280 cognoscat,
731 2221 786 2264 ita
803 2222 907 2264 dicit
927 2238 936 2264 :
954 2241 969 2262 α
989 2224 1109 2266 Unde
1126 2224 1207 2267 hoc
1225 2225 1495 2270 mihi?»110c
1507 2233 1588 2277 est,
1605 2240 1736 2284 quan·

371 2300 465 2336 tum
484 2292 646 2335 bonum
671 2291 776 2335 mihi
797 2292 980 2342 accidit;
1005 2302 1053 2336 ut
1074 2303 1210 2338 mater
1225 2295 1396 2338 Domini
1417 2296 1500 2339 mei
1522 2296 1663 2340 veniat
1682 2296 1735 2340 ad

369 2362 471 2408 me?
487 2363 580 2407 Non
599 2376 810 2422 cognosco
827 2378 984 2407 meum.
1004 2382 1020 2404 ι
1039 2365 1159 2408 Unde
1181 2366 1263 2409 hoc
1280 2366 1401 2417 mihi,
1419 2385 1436 2407 ι
1449 2382 1532 2425 qua
1552 2365 1729 2424 justitia.

370 2434 525 2493 quibus
546 2434 681 2484 sactis,
701 2450 779 2493 pro
800 2435 954 2493 quibus
975 2437 1166 2479 meritis?
1187 2438 1280 2482 Non
1303 2438 1458 2481 usitata
1479 2438 1572 2481 haec
1593 2435 1732 2480 officia

364 2504 622 2550 seminarum
645 2515 770 2559 sunt3
787 2524 803 2547 ι
823 2508 878 2551 Ut
902 2508 1043 2552 veniat
1064 2518 1198 2553 mater
1220 2509 1391 2554 Domini
1413 2509 1499 2554 mei
1522 2509 1574 2554 ad
1594 2523 1676 2553 mc.
1702 2525 1720 2549 ι

417 2637 428 2656 ¹
441 2629 522 2669 Luc.
540 2642 565 2673 ι,
578 2629 635 2673 ka,
651 2631 706 2671 43.
720 2649 760 2660 ·—-
775 2638 786 2656 ·
805 2632 888 2668 Psal.
906 2642 1016 2674 cxxvi,
1031 2633 1063 2668 3.
1078 2653 1117 2662 —-
1137 2636 1151 2661 ⁵
1168 2634 1245 2672 lsai.
1264 2648 1310 2676 xz,
1330 2648 1358 2672 ι.
