1800 3268
401 309 483 352 180
949 315 981 344 s.
1021 313 1215 344 Atianosn

392 400 467 443 bes
487 393 783 442 fortitudinem
801 425 812 443 ,
836 392 912 437 sed
931 407 1024 436 eam
1050 407 1142 451 quze
1172 407 1258 437 non
1287 392 1432 436 odium
1467 400 1684 438 mercatur
1713 408 1766 437 ex

394 469 575 514 crimine
595 482 604 510 :
631 465 706 510 scd
720 463 1068 525 persecutionem
1088 463 1274 523 patiatur
1291 479 1342 507 ex
1359 462 1468 515 fide;
1491 463 1552 507 sic
1573 463 1688 507 enim
1713 463 1766 507 ad

394 538 602 599 passionis
623 535 869 597 pervenitur
887 548 1089 580 coronam
1105 567 1117 586 ,
1139 535 1171 578 si
1191 534 1368 594 gratiam
1386 534 1611 579 hominum
1637 535 1767 594 negli-

395 625 482 668 gas,
507 609 691 653 divinam
715 606 916 666 sequaris.
939 606 1134 665 Denique
1152 615 1199 649 ut
1215 606 1323 650 scias
1345 606 1765 651 consummationem

394 695 486 725 esse
521 677 780 724 fortitudinis
815 677 1089 737 passionem:
1124 695 1140 717 ι
1165 677 1412 721 Secundum
1445 677 1558 729 haec,
1597 677 1763 736 inquit.

392 769 410 793 ι
424 750 636 795 faciebant
656 747 880 808 Prophetis
899 755 1041 806 patres
1063 762 1211 791 eorum
1224 747 1237 771 ¹
1256 765 1268 798 ς
1290 766 1306 789 ν
1319 762 1375 807 qu
1402 747 1445 792 ia
1463 747 1698 808 Prophetas
1717 747 1775 791 Ju

394 821 474 866 ‹laei
494 835 629 879 usque
653 821 707 863 ad
727 827 911 863 mortem
934 819 1124 878 corporis
1150 818 1362 878 persecuti
1393 827 1509 863 sunt.
1537 819 1613 863 Est
1641 818 1769 863 etiam

390 890 652 937 fortitudinis
674 891 778 934 iram
794 889 966 933 vincere
980 922 991 940 ,
1014 889 1436 949 indignationemque
1460 889 1664 940 cohibere
1683 905 1694 934 τ
1714 904 1765 934 ac

392 977 469 1023 per
504 962 588 1006 hoc
623 961 831 1005 fortitudo
863 960 1051 1004 animum
1083 960 1200 1018 juxta
1230 976 1473 1021 corpusque
1510 960 1767 1013 confirmat,

393 1048 473 1078 nec
495 1031 735 1093 perturbari
759 1031 859 1073 sinit
880 1030 1033 1074 timore
1056 1031 1198 1089 aliquo
1220 1033 1286 1075 vel
1314 1031 1461 1077 dolore
1481 1047 1492 1075 τ
1516 1032 1674 1092 quibus
1700 1047 1770 1077 ve-

392 1107 456 1150 lut
478 1104 617 1163 pravis
640 1101 947 1160 interpretibus
964 1103 1218 1160 plerumque
1238 1103 1529 1160 percellimur.

455 1174 644 1219 LXVIII.
681 1173 792 1231 Ergo
811 1173 1089 1230 temperantia
1106 1172 1248 1216 cordis
1267 1172 1397 1217 habet
1415 1173 1606 1233 animiqu
1625 1190 1772 1222 emun-

397 1246 544 1291 ditiam
562 1277 573 1295 ,
603 1243 766 1303 justitia
799 1243 1140 1288 misericordiam
1158 1277 1170 1295 ,
1193 1259 1343 1304 pacem
1366 1246 1619 1305 prudentia,
1646 1262 1771 1293 man·

397 1315 670 1361 suetudinem
693 1314 913 1359 fortitudo.
1613 1374 1616 1376 .

473 1405 491 1427 ι
527 1385 602 1432 Vae
649 1385 771 1430 vobis
815 1385 1017 1430 divitibus
1041 1419 1053 1437 ,
1103 1387 1176 1446 qui
1223 1387 1391 1434 habetis
1431 1390 1770 1435 consolationem

395 1456 655 1502 »vestram².
678 1474 696 1497 s

455 1526 612 1573 LXIX.
647 1526 767 1571 Licet
783 1527 825 1570 in
845 1527 1102 1586 pecuniariis
1132 1530 1263 1588 copiis
1286 1532 1419 1576 multa
1447 1532 1532 1576 sint
1555 1530 1771 1577 lenocinia

399 1598 678 1648 delictorum,
706 1599 910 1656 pleraque
936 1608 1081 1643 tamen
1111 1609 1210 1644 sunt
1235 1602 1363 1645 etiam
1394 1603 1607 1647 incentiva
1635 1604 1772 1647 virtu-

398 1677 505 1714 tum.
540 1670 798 1726 Quanquam
835 1668 967 1713 virtus
997 1671 1185 1715 subsidia
1210 1687 1296 1715 non
1328 1674 1538 1733 requirat,
1573 1682 1618 1718 et
1648 1689 1769 1718 com·

398 1739 638 1785 mendatior
659 1740 712 1783 sit
731 1740 902 1784 collatio
932 1742 1131 1800 pauperis
1147 1776 1158 1793 ,
1189 1758 1317 1801 quam
1346 1744 1487 1789 divitis
1510 1745 1769 1796 liberalitas.

397 1821 541 1855 tamen
563 1825 648 1854 non
671 1825 744 1854 eos
767 1811 839 1868 qui
865 1811 1051 1855 habeant
1079 1812 1269 1863 divitias,
1306 1817 1380 1859 sed
1407 1831 1479 1860 eos
1507 1815 1581 1875 qui
1609 1815 1670 1859 uti
1704 1814 1770 1860 his

398 1882 617 1931 nesciant,
643 1881 864 1925 sententia:
889 1882 1073 1926 coelestis
1095 1885 1349 1929 auctoritate
1367 1887 1642 1930 condemnat.
1665 1884 1772 1930 Nam

400 1962 449 1998 ut
473 1953 543 1999 ille
561 1967 725 2012 pauper
751 1953 1020 2004 laudabilior,
1056 1954 1127 2012 qui
1159 1965 1359 2016 prompto
1385 1957 1566 2016 largitur
1587 1956 1769 2008 affectu,

402 2041 482 2069 nec
505 2023 788 2083 impendentis
805 2024 1000 2082 egestatis
1022 2026 1232 2084 repagulis
1251 2026 1485 2077 inhibetur,
1511 2028 1768 2087 inopemque

402 2110 448 2140 se
459 2110 544 2139 non
557 2102 692 2153 putat,
708 2093 779 2152 qui
800 2093 930 2137 habet
948 2096 1062 2152 quod
1078 2104 1239 2139 natura:
1256 2096 1354 2140 satis
1372 2106 1436 2141 est
1455 2112 1466 2140 τ
1491 2096 1548 2141 ita
1566 2098 1638 2142 hic
1654 2099 1771 2143 dives
1797 2138 1800 2142 .

403 2164 691 2214 criminosior,
730 2163 804 2222 qui
836 2165 901 2207 vel
927 2165 1017 2208 Deo
1051 2165 1209 2210 referre
1239 2167 1417 2225 gratiam
1449 2169 1502 2212 de
1532 2184 1584 2212 eo
1622 2168 1773 2213 debuit

403 2235 520 2295 quod
553 2231 745 2293 accepit,
773 2248 853 2277 nec
881 2248 1057 2278 censum
1084 2237 1136 2279 ad
1163 2250 1435 2281 communem
1462 2254 1586 2282 usum
1623 2240 1770 2284 datum

402 2307 494 2351 sine
522 2320 603 2349 usu
630 2304 811 2353 abdere,
841 2304 1101 2364 defossisque
1132 2315 1255 2351 terrae
1296 2308 1502 2352 incubare
1539 2310 1766 2354 thesauris.

403 2375 498 2422 Non
526 2389 678 2419 census
702 2374 847 2432 igitur,
872 2375 948 2418 sed
969 2375 1147 2419 ass'ectus
1175 2377 1216 2420 in
1239 2378 1417 2422 crimine
1445 2387 1520 2423 ost.
1551 2380 1604 2424 Et
1634 2395 1770 2439 quan-

401 2461 530 2505 quam
565 2453 652 2489 tota
688 2453 812 2488 aetate
850 2445 1054 2489 custodiae
1096 2447 1348 2491 miserabilis
1396 2449 1598 2493 sollicitas
1646 2464 1769 2493 avara

398 2531 518 2561 mens
541 2516 689 2559 tendat
707 2514 908 2559 excubias
925 2547 937 2567 ,
962 2530 1047 2574 quo
1077 2518 1192 2560 nulla
1215 2533 1339 2577 poena
1362 2520 1530 2577 gravior
1553 2527 1639 2569 est,
1669 2534 1771 2563 suc-

395 2602 615 2634 cessorum
644 2587 867 2646 profutura
907 2589 1173 2648 compendiis
1212 2591 1337 2635 anxio
1374 2592 1527 2636 timore
1571 2606 1768 2643 scrvare3

432 2690 446 2715 ,ι
466 2681 548 2715 Luc.
560 2690 608 2720 vi,
625 2678 679 2714 εὖ.
694 2696 735 2706 -
753 2686 766 2705 ⁸
782 2678 873 2713 lbid.
891 2680 945 2720 ²4·
