1846 3262
408 278 492 329 284
960 287 992 317 s.
1034 287 1233 318 aunnosu

461 367 656 413 XCVIII.
690 367 814 426 Ergo,
835 366 932 425 quIa
962 366 1007 412 in
1039 366 1334 426 superioribus
1365 366 1603 410 Ecclesiam
1626 366 1775 426 *Syna-

405 455 522 498 gogae
546 439 754 497 praetulit,
778 438 975 481 hortatur
1006 452 1084 482 nos
1110 446 1157 482 ut
1179 437 1308 483 fidem
1329 439 1474 497 potius
1502 447 1691 482 nostram
1718 438 1775 483 ad

406 510 639 554 Ecclesiam
670 510 1002 560 transferamus;
1037 511 1213 554 lucerna
1241 509 1357 556 enim
1387 508 1493 553 fides
1529 518 1618 558 est,
1655 508 1781 567 juxta

409 583 526 639 quod
539 582 745 640 scriptum
765 589 854 625 est:
872 599 888 621 ι
903 581 1100 625 Lucerna
1114 580 1295 639 pedibus
1314 580 1420 624 meis
1436 580 1617 624 verbum
1634 587 1774 627 mum.

409 669 426 691 ι»
441 651 639 694 Domine¹
658 668 671 701 ς
691 669 708 693 ι
731 651 909 706 verbum
930 651 1048 695 enim
1069 651 1149 695 Dei
1172 649 1278 694 fides
1305 659 1449 697 nostra
1477 659 1564 702 εει,
1586 650 1778 695 Verbum

409 721 488 764 Dei
511 722 606 771 lux,
626 722 801 765 lucerna
825 731 890 766 est
909 721 1028 767 fides.
1057 740 1074 761 ι
1091 721 1194 766 Erat
1215 723 1290 766 lux
1309 737 1432 772 vera,
1452 737 1546 780 quae
1560 718 1783 765 :illuminat
1843 753 1846 758 .

412 806 615 835 »omnem
643 792 862 852 hominem
887 793 1128 837 venientem
1156 792 1200 837 in
1230 793 1347 837 hunc
1378 792 1589 843 muudum
1601 792 1633 836 .².
1656 809 1673 833 ι
1692 792 1782 835 Lu-

414 876 542 905 cerna
565 871 708 906 autem
725 865 871 907 lucere
898 879 984 906 non
1009 871 1170 922 potest.
1200 863 1279 906 nisi
1301 863 1472 909 aliunde
1492 864 1638 907 lumen
1662 877 1782 906 acce-

414 932 538 990 perit.
579 933 680 976 Haec
720 942 784 977 est
823 936 1000 978 lucerna
1036 941 1130 993 quae
1167 934 1435 984 accenditur,
1464 934 1600 977 virtus
1620 932 1785 976 scilicet

416 1010 571 1045 nostrae
602 1004 758 1048 mentis
792 1013 835 1047 et
871 1020 1044 1055 sensus,
1080 1013 1133 1048 ut·
1164 1020 1288 1049 mnas
1317 1005 1388 1048 illa
1417 1003 1551 1063 possit
1587 1017 1681 1061 quae
1714 1016 1786 1060 pe·

418 1071 571 1129 flerat,
602 1074 820 1133 reperiri³.
845 1075 980 1120 Nemo
1005 1090 1106 1134 ergo
1134 1075 1263 1119 fidem
1290 1076 1369 1118 sub
1398 1074 1510 1133 Lege
1531 1074 1783 1121 constituam

418 1142 505 1186 Lex
525 1143 639 1187 enim
666 1145 776 1189 intra
805 1161 1050 1190 mensuram
1079 1155 1168 1198 est,
1201 1147 1312 1190 ultra
1345 1160 1589 1190 mensuram
1620 1143 1782 1203 gratia.-

419 1211 506 1255 Lex
521 1213 767 1266 obumbrat,
790 1217 923 1275 gratia
942 1217 1160 1262 clarificat.
1179 1217 1232 1260 Et
1252 1217 1349 1260 ideo
1371 1231 1498 1260 nemo
1521 1215 1650 1259 fidem
1666 1228 1788 1258 suam

422 1282 531 1328 intra
553 1301 797 1332 mensuram
824 1289 946 1348 Legis
978 1289 1190 1338 includat,
1213 1289 1291 1333 sed
1311 1289 1365 1332 ad
1385 1287 1621 1332 Ecclesiam
1641 1285 1790 1331 confe-

422 1363 508 1406 rat,
552 1357 595 1400 in
625 1374 707 1417 qua
742 1361 1000 1419 septiformis
1039 1360 1221 1419 Spiritus
1258 1361 1423 1404 relucet
1460 1359 1619 1418 gratia,
1660 1371 1791 1415 quam
1838 1352 1846 1366 ”’

422 1427 623 1487 Princeps
645 1430 715 1474 ille
737 1433 1009 1476 sacerdotum
1031 1431 1196 1490 fulgore
1212 1445 1408 1489 supernae
1430 1427 1670 1474 Divinitatis
1690 1427 1793 1471 illu-

425 1497 578 1548 minat,
604 1515 659 1543 ne
676 1516 770 1544 eam
786 1503 908 1561 Legis
930 1503 1086 1546 umbra
1100 1502 1349 1560 restinguat.

484 1570 643 1615 XCIX.
678 1572 872 1631 Denique
891 1575 1068 1618 lucerna
1091 1575 1160 1618 illa
1190 1589 1320 1631 quam
1351 1572 1574 1616 matutinis
1595 1570 1795 1630 vesperti-

427 1639 578 1698 nisque
607 1643 896 1701 temporibus,
923 1643 1009 1688 ritu
1037 1643 1171 1687 veteri
1197 1645 1469 1693 Judaeorum,
1499 1643 1700 1701 princeps
1734 1656 1797 1684 sa·

428 1711 654 1756 cerdotum
686 1715 850 1758 solebat
877 1714 1134 1764 accendi-0⁶,
1157 1716 1274 1758 velut
1300 1714 1380 1757 sub
1401 1713 1547 1757 modio
1574 1713 1650 1756 sita
1672 1711 1796 1770 Legis

427 1783 599 1828 evanuit
619 1799 629 1827 ε
653 1793 696 1828 ει
718 1786 866 1830 civitas
888 1786 957 1829 illa
980 1786 1221 1829 Jerusalem
1235 1818 1246 1834 ,
1267 1800 1362 1844 quae
1387 1785 1430 1828 in
1449 1784 1576 1828 terris
1595 1791 1686 1833 est,
1703 1797 1798 1841 quae

427 1853 588 1897 occidit
606 1855 866 1914 Prophetas,
892 1858 1011 1914 quasi
1041 1857 1083 1900 in
1113 1855 1310 1901 convalle
1333 1854 1618 1914 ssetusposita
1634 1853 1800 1897 delites-

431 1924 490 1967 cit
509 1939 519 1966 :
545 1925 615 1969 ina
641 1934 781 1970 autem
803 1928 1037 1971 Jerusalem
1061 1943 1155 1986 quae
1174 1927 1217 1970 in
1239 1928 1349 1970 coelo
1375 1933 1457 1975 est,
1474 1925 1519 1969 in
1540 1939 1625 1983 qua
1644 1922 1801 1967 militat

432 1994 539 2039 fides
560 2006 704 2040 nostra
718 2030 731 2050 ‚
755 1998 798 2040 in
828 1999 900 2042 illo
928 1999 1133 2042 altissimo
1156 1998 1348 2041 omnium
1369 1999 1509 2041 locata
1524 2003 1695 2043 monte,
1717 1993 1800 2037 hoc

432 2076 496 2111 est
520 2067 562 2110 in
591 2067 783 2120 Christo,
804 2070 994 2113 Ecclesia
1019 2085 1106 2113 non
1123 2078 1266 2129 potest
1287 2067 1478 2113 tenebris
1501 2075 1544 2109 et
1565 2065 1698 2108 ruinis
1719 2065 1800 2107 hu·

432 2137 501 2196 jus
528 2140 679 2184 mundi
706 2142 910 2186 abscondi
933 2156 943 2184 :
975 2143 1050 2185 sed
1083 2141 1249 2198 fulgens
1276 2139 1464 2183 candore
1496 2137 1606 2180 Solis
1633 2136 1799 2185 aeterni,

434 2210 532 2254 luce
549 2226 626 2254 nos
651 2213 796 2270 gratiae
817 2214 1015 2272 spiritalis
1037 2213 1264 2256 illuminat.

506 2298 523 2321 «
540 2281 662 2326 Nunc
682 2298 780 2334 vos,
805 2284 1003 2328 Pharisaei
1018 2316 1030 2335 ,
1054 2284 1172 2343 prius
1192 2283 1308 2340 quod
1331 2280 1490 2325 deforis
1510 2288 1574 2323 est
1595 2278 1740 2323 calicis
1759 2286 1804 2322 ει

437 2353 595 2398 »catini
616 2355 877 2400 mundatis⁶.
902 2374 918 2396 ι

496 2426 543 2470 C.
581 2427 709 2472 Vides
740 2443 922 2488 corpora
946 2435 1090 2473 nostra
1123 2435 1394 2471 terrenorum
1426 2433 1472 2469 et
1502 2421 1716 2482 fragilium
1737 2435 1807 2464 ox·

435 2501 653 2560 pressione
684 2500 864 2559 signari,
890 2515 985 2559 quae
1011 2498 1129 2543 brevi
1154 2499 1277 2557 lapsu
1314 2495 1575 2556 praecipitata
1607 2492 1807 2551 frangun-

487 2613 497 2628 ¹
516 2603 602 2637 Peal.
621 2614 736 2644 cnm,
754 2605 824 2638 105.
837 2621 879 2630 —
897 2613 910 2630 ⁸
932 2604 1027 2638 loan.
1045 2614 1068 2641 ι,
1086 2613 1163 2645 9.-
1182 2604 1195 2627 ³
1211 2602 1288 2636 Luc.
1309 2611 1366 2642 xv,
1382 2600 1463 2635 8.-
1478 2600 1493 2625 ⁴
1510 2577 1736 2639 eme-xxm,
1755 2606 1808 2629 an.

439 2678 481 2687 ·—
496 2661 511 2686 Β
528 2661 613 2694 Luc.
631 2670 679 2699 xl,
698 2659 753 2703 39.
