1846 3262
411 313 432 342 2
445 296 496 340 16
962 307 994 334 s.
1023 304 1229 347 'sunnosu

409 402 460 430 cx
485 387 638 444 quibus
655 391 718 427 est
735 383 928 427 ChrIstus
954 382 1193 427 secundum
1209 395 1400 435 carnem,
1426 383 1665 430 Ecclesiam
1676 394 1771 442 quae

413 457 619 506 credidit,
651 455 971 513 praeferendam.

472 527 684 571 XXXIX.
722 526 869 583 Itaque
899 524 973 583 qui
1005 540 1050 568 se
1082 524 1336 583 intelligeret
1370 532 1546 583 propter
1584 523 1775 567 divinum

412 599 455 641 in
480 607 613 641 terras
642 595 806 639 venisse
843 595 1094 654 mysterium
1117 628 1130 645 ,
1171 594 1457 652 Ecclesiaeque
1488 602 1775 644 conventum«,

411 670 571 714 relictis
587 683 739 712 navem
758 667 948 710 ascendit
967 666 1231 725 parentibus.
1255 665 1404 723 Neque
1419 665 1535 710 enim
1553 664 1778 724 quisquam

413 749 582 800 poterat
602 741 719 784 hunc
736 738 947 783 mundum
968 738 1191 796 enavigare
1213 737 1303 782 sine
1324 736 1494 780 Christo
1514 735 1691 794 quando*
1703 749 1780 786 eos

415 828 587 872 quoque
608 811 762 870 quibus
794 810 1003 854 Dominus
1035 809 1176 859 adest,
1207 807 1492 851 tentationum
1512 805 1781 861 saecularium

415 899 525 942 saepe
547 883 734 942 procella
754 881 988 940 perturbat.
1009 880 1063 922 Et
1081 879 1316 923 oeconomia
1336 886 1528 923 servatur
1543 877 1588 921 in
1603 877 1783 936 Aposto-

417 956 496 1005 lis,
527 963 576 997 ut
608 955 800 998 advertas
834 952 924 996 sine
954 951 1187 995 tentatione
1219 950 1436 994 neminem
1466 963 1594 1008 posse
1622 963 1674 992 ex
1699 948 1783 993 boc

415 1025 510 1068 vitae
542 1024 758 1068 curriculo
792 1023 1054 1081 demigrare,
1080 1021 1179 1079 quia
1213 1020 1464 1064 exercitium
1500 1018 1602 1063 fidei
1643 1026 1784 1064 tenta-

418 1095 477 1138 tio
496 1103 572 1138 est.

478 1164 570 1208 XL.
611 1163 803 1221 subjecti
819 1163 949 1221 igitur
963 1177 1109 1206 sumus
1125 1161 1324 1220 nequitiae
1345 1160 1544 1220 spiritalis
1560 1133 1784 1226 procellis.

422 1238 499 1280 sed
530 1236 650 1294 quasi
673 1235 895 1294 pervigiles
917 1243 1056 1277 nautae
1078 1234 1411 1292 gubernatorem
1441 1230 1689 1275 excitemus.
1711 1228 1795 1276 Ve-

422 1322 520 1350 rum
541 1316 584 1352 et
605 1307 684 1365 ipsi
706 1305 937 1365 periclitari
965 1306 1117 1348 solent.
1151 1305 1293 1357 Quem
1312 1303 1442 1361 igitur
1461 1302 1789 1361 gubernatorem

424 1376 724 1437 requiramus?
755 1377 881 1419 Illum
904 1376 1052 1433 utique
1081 1375 1154 1433 qui
1180 1390 1270 1418 non
1295 1373 1475 1423 serviat,
1504 1373 1581 1417 sed
1608 1372 1792 1431 imperet

423 1450 582 1499 ventis,
602 1449 655 1491 de
671 1462 756 1506 quo
778 1447 984 1505 scriptum
1001 1454 1066 1489 est
1085 1461 1095 1488 ε

495 1537 511 1559 α
528 1518 585 1562 At
609 1518 680 1562 ille
696 1532 872 1576 surgens
885 1549 896 1569 ,
920 1516 1156 1575 increpavit
1174 1514 1394 1559 ventum¹.
1414 1533 1431 1556 ι

486 1589 598 1632 XLI.
632 1588 751 1641 Quid
793 1595 857 1630 est
891 1604 908 1627 α
934 1586 1188 1646 Surgensi‘»
1222 1585 1483 1639 Quiescebat
1523 1585 1679 1629 enim:
1719 1585 1796 1629 sed

428 1660 675 1719 quiescebat
711 1658 901 1717 corporis
932 1672 1098 1708 somno,
1143 1672 1244 1700 cum
1273 1657 1518 1700 intenderet
1553 1655 1795 1700 Divinitatis

426 1731 667 1789 mysteri03
699 1729 774 1772 ubi
803 1728 918 1772 enim
950 1727 1178 1786 sapientia,
1213 1718 1287 1771 ubi
1328 1727 1534 1777 verbum,
1566 1726 1675 1771 nihil
1704 1726 1796 1772 sine

429 1802 561 1845 verbo
584 1800 656 1849 fit,
676 1799 783 1842 nihil
803 1800 893 1842 sine
910 1799 1150 1858 prudentia.

485 1873 619 1917 XLII.
657 1872 793 1930 Supra
822 1870 976 1920 habos,
1010 1870 1108 1927 quia
1140 1869 1423 1928 pernoctabat
1458 1869 1503 1912 in
1541 1867 1793 1917 orationfflz

430 1944 648 2003 quomodo
674 1941 776 1985 hic
766 1957 808 1984 m
830 1949 1083 2000 tempestate
1103 1940 1341 1983 dormiret?
1361 1939 1448 1983 Sed
1462 1938 1716 1998 exprimitur
1737 1953 1803 1982 se·

430 2015 588 2059 curitas
607 2013 855 2073 potestatis,
875 2013 996 2070 quod
1019 2011 1219 2055 omnibus
1240 2010 1515 2061 timentibus,
1534 2011 1649 2055 solus
1666 2010 1803 2054 intre.-

431 2088 556 2147 pidus
578 2085 838 2144 quiescebat.
868 2084 962 2128 Non
987 2091 1053 2126 est
1080 2098 1182 2140 ergo
1211 2097 1387 2144 consors
1406 2090 1593 2132 naturae,
1615 2081 1691 2139 qui
1714 2095 1804 2124 non

433 2167 498 2203 est
524 2172 699 2202 consors
719 2155 915 2215 periculi.
948 2155 1000 2198 Et
1027 2155 1060 2197 si
1082 2169 1238 2212 corpus
1259 2153 1439 2203 dormit,
1459 2161 1664 2212 operatur
1687 2152 1807 2201 Divi-

433 2230 558 2277 nitas,
580 2234 781 2286 operatur
798 2224 916 2268 fides.
935 2224 1129 2282 Denique
1146 2224 1281 2267 dicit:
1297 2222 1655 2272 «Modicaefidei;
1673 2236 1807 2280 quare

434 2319 451 2341 n
466 2296 705 2344 dubitastis³
724 2296 742 2339 P
767 2296 848 2340 »Et
869 2296 980 2339 bene
999 2303 1237 2353 arguuntur
1253 2294 1325 2352 qni
1345 2302 1555 2353 praesente
1566 2291 1810 2337 Christoti-

432 2372 636 2420 mebant,
659 2383 757 2412 cum
777 2367 925 2425 utique
941 2366 1075 2424 qui'ei
1098 2366 1311 2414 adhaeret,
1334 2365 1476 2423 perire
1498 2379 1586 2407 non
1606 2362 1755 2422 possit.

491 2441 643 2490 XLIII.
680 2440 792 2498 Ergo
809 2437 1078 2483 confirmavit
1094 2436 1243 2487 fidem,
1261 2435 1807 2493 refudittranquillitatem.v

415 2513 622 2558 'Ventum
643 2526 808 2556 cessare
826 2510 1044 2570 praecepit,
1065 2524 1153 2578 non
1174 2508 1452 2567 Aquilonem,
1471 2522 1560 2552 non
1577 2506 1804 2551 Africum.

434 2587 509 2629 sed
527 2585 647 2628 illum
676 2583 825 2643 utique
850 2591 1050 2633 ventum,
1076 2581 1146 2625 cui
1174 2582 1337 2625 dictum
1364 2589 1429 2624 est
1459 2580 1513 2624 ab
1546 2578 1695 2655 angelo
1726 2575 1809 2626 Μῖ-

484 2676 905 2725 ubu00v111.24.—¹.1d
920 2685 1093 2716 v1,12.—
1111 2675 1266 2714 ’Monte
1283 2685 1359 2713 vni.
1374 2674 1429 2714 26
