1800 3268
391 298 408 326 1
419 282 470 326 32
943 294 979 324 s.
1015 292 1211 325 aunuum

386 386 482 421 »ter
501 382 566 419 est
587 373 665 418 tibi
687 372 730 416 in
756 372 960 418 houum'.
981 393 998 414 n
1012 373 1106 418 Non
1124 387 1225 432 ergo
1249 373 1440 418 muneris
1464 373 1748 436 aliquu'culpa

385 456 466 496 est,
490 447 565 490 sed
586 444 888 488 ministri:nec
913 444 990 488 Dei
1014 453 1154 503 potest
1178 444 1388 488 ordinatio
1410 445 1652 504 displicere,
1675 448 1750 492 sed

386 516 720 563 administrantis
741 517 865 560 actio.
891 516 997 560 Nam
1015 528 1063 560 ut
1079 518 1132 560 de
1148 515 1392 560 coelestibus
1416 517 1469 561 ad
1490 525 1661 562 terrena
1682 518 1753 562 ae-

387 590 574 635 rivemus
591 588 850 646 exemplum,
871 587 943 630 dat
964 586 1171 631 honorem
1188 588 1435 646 imperator.
1458 597 1501 632 et
1515 588 1644 632 habet
1664 589 1753 633 lau·

360 649 364 653 ⁵
388 662 499 704 dem.
532 658 662 712 Quod
688 657 722 701 si
749 657 842 715 quis
873 658 983 701 male
1013 657 1177 701 honore
1203 673 1305 701 usus
1335 658 1480 708 fuerit,
1507 672 1594 702 nou
1615 659 1755 718 impe·

386 730 539 774 ratoris
555 737 619 773 est
635 728 779 786 culpa,
801 729 876 771 sed
899 728 1067 786 judicis.
1090 728 1258 772 Habent
1276 743 1395 772 reum
1414 742 1538 772 suum
1553 728 1750 780 crimina,

387 818 475 846 non
507 801 607 860 quia
638 808 824 859 potestas
857 815 1232 858 unumquemque,
1265 802 1338 844 sed
1374 801 1534 844 malitia
1565 814 1642 845 sua
1671 801 1756 844 im-

385 876 530 936 plicat.

445 944 591 990 XXX.
629 943 746 998 Quid
774 942 904 1002 ergo?
928 943 1097 986 Bonum
1130 951 1194 987 est
1222 943 1284 987 uti
1317 952 1550 1003 potestate.
1583 945 1756 987 studere

386 1015 567 1061 honori?
603 1016 773 1059 Bonum
814 1013 849 1057 si
888 1013 1116 1064 deferatur,
1153 1029 1239 1057 non
1277 1014 1494 1073 eripiatur.
1530 1013 1755 1073 Distingue

385 1097 530 1131 tamen
557 1086 640 1129 hoc
670 1085 809 1144 ipsum
842 1085 1019 1127 bonum.
1056 1084 1176 1128 Alius
1203 1084 1318 1128 enim
1348 1085 1487 1131 bonus
1511 1085 1555 1128 iu
1578 1086 1752 1135 saeculo,

389 1159 495 1202 alius
512 1156 710 1215 perfectae
726 1155 892 1199 virtutis
909 1170 1010 1198 usus
1020 1172 1031 1205 ς
1050 1155 1213 1199 bonum
1229 1164 1295 1199 est
1311 1156 1426 1200 enim
1449 1156 1756 1215 cognoscendae

387 1227 618 1272 divinitatis
639 1226 846 1276 studium,
872 1226 1001 1269 nullis
1022 1227 1377 1284 occupationibus
1403 1227 1614 1286 impediri.
1647 1226 1757 1272 Nam

387 1299 466 1343 etsi
485 1299 618 1342 multa
633 1297 764 1347 bona,
783 1306 833 1340 ut
849 1306 991 1340 tamen
1008 1305 1073 1340 est
1087 1296 1170 1340 vita
1186 1306 1343 1341 aeterna
1361 1313 1371 1340 t
1389 1316 1406 1338 ι
1422 1298 1520 1342 Haec
1533 1306 1599 1342 est
1615 1306 1758 1342 antem

387 1370 502 1414 unvita
525 1377 700 1418 aeternu,
732 1377 782 1411 ut
811 1378 1072 1426 cognoscant
1104 1377 1147 1411 te
1178 1370 1317 1411 solum
1350 1383 1498 1412 verum
1529 1369 1684 1419 Deum,
1714 1376 1759 1412 et

389 1454 549 1498 »quem
576 1437 729 1482 misisti
756 1437 904 1481 Jesum
937 1437 1195 1482 Christum².
1219 1438 1303 1482 »Et
1335 1438 1431 1482 ideo
1465 1439 1561 1482 vitae
1590 1448 1759 1483 oeternae

387 1511 599 1554 maximus
619 1509 798 1557 fructus,
822 1517 867 1550 et
885 1509 1000 1551 solus
1018 1508 1133 1552 Deus
1158 1509 1253 1552 vitae
1274 1519 1573 1553 remunerator
1591 1518 1760 1554 mternae

388 1588 465 1624 est.
493 1579 642 1622 Solum
667 1578 806 1622 Deum
832 1586 874 1621 et
899 1578 1131 1622 Dominum
1150 1588 1342 1623 nostrum
1363 1581 1604 1632 adoremus,
1622 1590 1667 1625 ει
1680 1581 1759 1641 ipsi

390 1651 468 1696 soli
494 1650 750 1703 serviamus3
776 1657 826 1692 ut
852 1650 966 1692 solus
999 1649 1087 1707 ipso
1119 1663 1195 1694 nos
1227 1650 1370 1694 fructu
1399 1659 1645 1695 remuneret
1670 1666 1762 1695 am-

389 1721 593 1781 plissimo.
621 1719 854 1778 Fugiamus
887 1719 1029 1762 omnia
1061 1735 1154 1778 quae
1186 1720 1408 1764 diabolicae
1437 1721 1662 1780 subjacent
1681 1736 1762 1781 po-

390 1790 559 1840 testat13
592 1805 646 1833 ne
682 1797 885 1847 tanquam
918 1792 1056 1833 maius
1093 1799 1300 1848 tyrannus
1327 1791 1370 1834 in
1399 1805 1489 1840 eos,
1516 1805 1624 1850 quos
1650 1792 1762 1836 intra

390 1877 513 1905 suum
533 1875 713 1919 regnum
731 1860 955 1911 invenerit,
976 1870 1162 1920 acceptae
1183 1861 1338 1905 saevitia
1360 1862 1581 1920 potestatis
1596 1870 1755 1907 ututur.

451 1930 620 1975 XXXI.
658 1930 754 1974 Non
781 1946 882 1989 ergo
911 1946 933 1974 a
957 1932 1129 1975 diabolo
1150 1941 1337 1991 potestas
1365 1940 1444 1981 est,
1475 1934 1551 1976 sed
1579 1933 1763 1977 obnoxia

391 2010 536 2046 tamen
570 1999 733 2044 insidiis
769 2000 941 2044 diaboli.
978 2001 1066 2045 Nec
1103 2010 1246 2045 tamen
1282 2002 1379 2045 ideo
1408 2004 1521 2046 mala
1550 2003 1764 2048 ordinatio

393 2079 670 2131 potestatum,
707 2071 807 2128 quia
839 2073 951 2114 malo
985 2072 1179 2116 obnoxiae
1212 2081 1454 2131 potestates.
1492 2074 1661 2118 Bonum
1699 2083 1764 2119 est

395 2143 511 2188 enim
550 2141 690 2184 Deum
724 2156 932 2198 quaerere,
977 2143 1052 2185 sed
1094 2143 1267 2200 quidam
1311 2144 1442 2202 ipsius
1479 2137 1764 2203 inquisitionis

398 2211 629 2255 amfractus
651 2218 694 2254 et
715 2226 836 2254 error
868 2212 1051 2270 obrepit.
1081 2212 1186 2256 Nam
1214 2213 1247 2256 si
1275 2213 1500 2271 inquisitor
1523 2214 1570 2257 in
1596 2216 1766 2260 saerile-

397 2283 515 2343 gium
541 2297 650 2325 saeva
680 2282 1029 2341 interpretatione
1061 2293 1270 2334 vertatur,
1300 2284 1343 2327 in
1371 2285 1557 2330 deterius
1586 2287 1767 2331 vertitur

399 2353 629 2413 quaerentis
651 2352 830 2402 offensa,
858 2369 985 2411 quam
1008 2354 1042 2397 si
1067 2370 1153 2398 non
1175 2355 1390 2413 quaesisset
1408 2372 1417 2399 :
1435 2372 1515 2401 nec
1535 2358 1767 2402 tamenin-

400 2423 655 2483 quisitionis.
674 2425 748 2466 sed
763 2425 999 2481 quaesitoris
1015 2434 1077 2468 est
1093 2427 1160 2468 cul
1166 2442 1217 2484 pa
1233 2442 1242 2469 :
1258 2442 1339 2470 nec
1355 2427 1570 2485 inquisitio
1583 2428 1765 2473 obnoxia

399 2495 532 2543 malo,
549 2494 632 2538 sed
640 2495 869 2551 quaerentis
885 2495 1074 2539 affectus.
1098 2497 1227 2549 Quod
1244 2498 1277 2540 si
1299 2497 1332 2540 is
1347 2499 1421 2556 qui
1437 2498 1575 2542 Deum
1595 2499 1762 2557 querit.

401 2572 577 2624 propter
595 2563 867 2623 fragilitatem
898 2580 971 2608 cm
974 2581 1037 2609 ms
1059 2575 1101 2610 ct
1122 2568 1277 2612 mentis
1304 2569 1518 2628 angustias
1539 2583 1651 2636 σερε
1676 2577 1765 2615 ton·

446 2656 572 2690 ‘Rorn-
595 2666 670 2697 xm,
686 2654 720 2697 4.
739 2673 780 2682 ——
795 2656 924 2691 ·.Joan
948 2667 1030 2699 xm,
1046 2658 1077 2692 ὅ.
