1800 3268
392 287 470 316 100
935 281 968 310 Ι.
1009 280 1202 310 ammosa

385 362 532 410 delicti
559 376 569 403 ε
602 378 618 399 α
646 358 732 413 Qui
760 358 875 403 enim
907 358 1094 404 adhaeret
1127 358 1381 408 meretrici,
1424 372 1558 401 unum
1592 371 1747 417 corpus

384 454 401 476 »
415 433 513 478 est¹.
537 453 553 472 n
569 431 704 476 Vidua
721 430 873 475 sterilis
886 462 899 483 ‚
917 446 1010 489 quae
1027 430 1118 474 viro
1138 446 1286 489 parere
1303 444 1389 473 non
1411 429 1526 473 norit
1544 429 1745 473 absente:

383 504 499 548 venit
515 502 594 552 vir,
624 510 668 545 et
690 501 803 545 hunc
829 503 1036 560 populum
1070 501 1326 560 plebemque
1353 500 1583 559 generavit.
1620 497 1748 558 Virgo

380 573 578 617 soecunda
599 604 611 622 ‚
651 585 745 629 quae
780 571 892 614 hanc
929 571 1078 629 genuit
1109 570 1431 615 multitudinem
1467 583 1578 623 cum*
1606 568 1750 613 fructu

381 643 537 687 amoris
552 675 563 692 ,
585 642 676 685 sine
693 657 771 685 usu
787 641 989 685 libidinis.

439 710 601 757 XXIV.
639 711 727 755 Sed
749 720 798 755 ut
820 711 872 755 ad
890 712 1111 755 historiam
1135 720 1429 755 revertamur:
1451 710 1554 768 quid
1574 710 1653 754 sibi
1675 725 1751 754 vo-

378 785 474 827 lunt
504 782 744 826 obstetricis
769 783 935 841 eloquia
966 782 1147 826 dicentis
1168 797 1178 826 :
1204 802 1220 823 ι
1237 783 1315 826 Hie
1336 776 1447 826 exiet
1469 781 1585 840 prior
1599 797 1611 831 ς
1630 799 1647 821 »
1670 779 1750 823 nisi

380 853 478 912 quia
496 844 588 911 eju}-
607 861 755 911 typum
777 853 976 911 gerebat,
1005 854 1077 910 qni
1095 862 1192 896 ortu
1214 853 1406 911 corporis
1429 851 1652 910 posterior.
1671 850 1755 894 vir-

380 932 473 967 tute
489 932 532 966 et
553 923 727 966 veritate
750 923 912 981 primus
935 923 1134 972 existens,
1154 923 1442 982 principatum
1461 922 1540 966 sibi
1558 921 1750 966 omnium

380 994 642 1039 vindicavit?
665 995 768 1037 Inde
790 1003 832 1038 et
854 995 1038 1037 Joannes
1060 1010 1070 1037 :
1097 1012 1112 1033 α
1129 994 1227 1037 Post
1244 1010 1311 1036 me
1329 994 1444 1037 venit
1465 994 1545 1043 vir,
1565 992 1636 1051 qui
1654 1000 1752 1035 ante

382 1082 481 1110 nme
504 1066 640 1109 sactus
659 1064 763 1108 est².
794 1083 810 1104 ιι
839 1065 954 1117 Quid
975 1065 1054 1107 sibi
1079 1066 1169 1108 vult
1195 1066 1310 1123 quod
1341 1079 1521 1108 coccum
1548 1064 1590 1106 in
1618 1078 1748 1106 manu

383 1138 474 1195 ejus
498 1135 663 1194 ligavit,
691 1135 772 1177 nisi
797 1135 895 1192 quia
926 1143 1050 1193 typus
1072 1135 1165 1191 ejus
1192 1143 1306 1184 erat,
1333 1135 1405 1192 qui
1427 1134 1569 1178 crucis
1593 1132 1753 1176 indicio

385 1224 494 1256 suae,
519 1215 563 1250 et
591 1205 806 1263 sanguinis
837 1205 1044 1249 effusione
1067 1215 1209 1248 actum
1233 1205 1457 1249 illustravit
1486 1202 1754 1247 humanum?

382 1278 531 1334 Itaque
547 1284 824 1335 posteaquam
847 1290 1021 1317 manum
1048 1275 1240 1325 reduxit,
1270 1274 1389 1333 quasi
1414 1273 1621 1317 incisione
1643 1272 1754 1316 sacta

384 1348 520 1405 sepis,
546 1346 674 1390 exivit
698 1346 830 1389 frater
862 1345 981 1402 ejus,
1014 1361 1142 1403 quem
1173 1345 1291 1402 quasi
1324 1344 1514 1388 medinm
1546 1343 1753 1403 parietem

384 1418 494 1477 sepis
518 1419 583 1460 vel
604 1416 799 1459 maceriae
815 1416 1044 1474 Apostolus
1063 1415 1342 1465 nominavst',
1369 1424 1496 1473 atque
1514 1414 1603 1473 ipse
1625 1414 1676 1457 de
1694 1414 1755 1479 ip-

386 1490 546 1534 cisione
567 1503 723 1531 nomen
755 1488 946 1545 accepit;
971 1488 1130 1530 Phares
1152 1486 1267 1530 enim
1291 1486 1437 1530 divisio
1460 1495 1553 1529 est:
1576 1485 1691 1528 unde
1711 1494 1755 1530 et

384 1559 582 1604 Pharisaei
600 1558 851 1616 nuncupati,
874 1573 925 1600 eo
943 1560 1058 1616 quod
1077 1573 1097 1600 a
1121 1559 1356 1601 multorum
1379 1574 1424 1601 se
1442 1557 1755 1615 conjunctioni-

386 1633 467 1675 bus
491 1638 750 1689 separarent.
772 1629 943 1672 Beatius
961 1637 1102 1671 autem
1124 1637 1166 1671 et
1183 1630 1319 1671 multo
1336 1628 1488 1672 melius
1503 1628 1651 1672 fuisset
1668 1643 1755 1671 non

386 1701 516 1747 incidi
538 1715 698 1759 sepem,
719 1700 794 1742 sed
811 1714 940 1741 unam
957 1700 1151 1742 eamdem
1173 1708 1215 1742 et
1239 1698 1461 1741 indivisam
1484 1712 1749 1758 permanere.

389 1775 518 1827 Quod
540 1771 630 1834 sieri
647 1771 790 1830 potuit
805 1802 815 1819 ,
839 1770 873 1812 si
893 1769 930 1811 ei
952 1769 1047 1812 vitae
1064 1784 1157 1827 quae
1179 1770 1297 1827 prior
1318 1784 1493 1813 manum
1510 1770 1649 1819 misit.
1674 1769 1755 1813 hoc

388 1854 474 1893 est,
504 1852 647 1887 actum
680 1839 868 1884 ostendit
897 1855 1048 1889 suum,
1083 1855 1350 1898 consequens
1378 1840 1526 1884 suisset
1546 1840 1640 1898 ejus
1661 1840 1756 1884 vitoe

390 1914 539 1958 militia
580 1927 674 1970 quae
705 1919 847 1954 secuta
876 1918 952 1953 est.
997 1910 1130 1954 Multo
1157 1911 1272 1953 enim
1300 1911 1476 1959 melius,
1506 1910 1540 1954 si
1568 1909 1757 1954 circum-

391 1987 503 2029 cisus
537 1985 719 2042 populus
735 1979 862 2024 vitam
882 1981 1094 2039 majorum
1123 1982 1322 2024 voluisset
1347 1981 1533 2029 imitari:
1558 1981 1619 2024 sic
1641 1982 1756 2025 enim

389 2056 537 2099 suisset
553 2067 636 2095 una
657 2051 766 2109 sepis
783 2083 793 2098 .
815 2066 896 2093 uua
917 2051 1101 2094 maceria
1115 2083 1126 2099 ,
1150 2067 1234 2094 una
1251 2050 1476 2094 aedifleatio
1497 2051 1688 2109 priorum
1707 2065 1755 2095 ac

390 2124 673 2183 sequentium.
702 2121 787 2164 Sed
802 2121 899 2179 quia
928 2122 1113 2179 primum
1131 2122 1251 2165 illum
1275 2122 1370 2164 vita:
1393 2130 1536 2165 actum
1554 2122 1758 2181 posterio-

391 2199 449 2241 ris
486 2194 708 2240 infirmitas
737 2208 822 2235 non
854 2194 993 2251 potuit
1023 2193 1229 2251 implere,
1261 2193 1468 2237 incisione
1498 2194 1589 2237 sine
1626 2194 1756 2238 dubio

391 2268 502 2311 facta
524 2265 634 2323 sepis
655 2263 748 2321 ejus
771 2263 858 2306 sivo
875 2263 1069 2306 maceriae
1086 2295 1096 2311 ‚
1116 2279 1211 2320 qnae
1229 2266 1466 2307 secundum
1489 2265 1626 2308 Deum
1653 2265 1757 2308 aedi-

392 2339 518 2382 ficata
542 2344 654 2385 erat,
681 2343 882 2391 tanquam
903 2334 1070 2377 medius
1086 2336 1225 2393 paries
1242 2335 1493 2393 interjectus
1513 2344 1602 2386 θεὶς
1625 2336 1758 2380 utilia

394 2409 503 2467 sepis
521 2441 532 2457 ,
553 2408 637 2451 hoc
653 2414 741 2455 est,
760 2413 964 2464 perpetua
982 2414 1108 2463 atque
1129 2406 1330 2448 continua
1350 2407 1564 2450 bonorum
1585 2421 1757 2451 morum

393 2478 617 2534 aedificatio
641 2485 924 2534 rumperetur.
956 2475 1076 2534 Sepis
1106 2476 1220 2519 enim
1253 2484 1316 2520 est
1337 2492 1420 2535 qua
1447 2493 1546 2537 ager
1571 2476 1758 2521 circum-

392 2551 518 2595 datur
543 2547 813 2594 fructuosus,
845 2545 949 2588 suris
982 2554 1226 2589 removetur
1255 2547 1477 2599 incursus,
1515 2562 1610 2606 quae
1640 2547 1755 2591 culta

436 2651 450 2668 ι
473 2654 484 2674 ι
501 2641 582 2675 Cor.
598 2650 645 2680 vt,
667 2640 718 2673 16.
732 2657 773 2666 -·
792 2648 806 2665 ⁸
821 2639 1087 2681 Joan.r‚17.-
1106 2641 1119 2663 ³
1134 2639 1254 2682 Ephes.
1273 2651 1308 2679 n,
1328 2641 1376 2679 ¹4·
