1846 3262
438 349 523 401 324
984 358 1015 388 s.
1056 358 1250 388 sunnosn

436 453 522 487 tres
542 439 655 483 enim
678 452 887 481 mensurae
914 447 1037 489 sunt,
1062 447 1111 482 ut
1129 438 1238 489 dixi,
1267 438 1429 490 carnis,
1456 438 1629 490 animae.
1648 447 1691 483 ct
1710 438 1798 499 spi-

434 514 558 561 ritus,
573 511 648 554 sed
663 508 835 568 spiritus
854 523 939 566 quo
956 509 1134 552 vivimus
1156 524 1304 553 omnes
1322 509 1364 552 in
1386 509 1469 554 hoc
1491 525 1672 569 corpore
1694 509 1762 553 siti
1782 525 1793 553 :

434 584 517 628 hoc
538 580 678 625 verius
693 580 864 638 quando
884 579 1023 623 carnis
1044 581 1213 624 lascivia
1229 596 1316 624 non
1339 582 1573 630 redundat,
1599 591 1642 625 et
1658 581 1798 625 anima

433 644 725 712 corporalibus
757 666 844 694 non
873 651 1124 695 incurvatur
1146 652 1392 703 erroribus,
1426 668 1474 696 ac
1503 668 1703 696 mensura
1733 651 1798 695 vi-

432 725 559 769 vendi
586 724 628 767 in
650 731 741 767 toto
760 723 934 766 homine
955 723 1161 767 inoffensa
1184 733 1390 768 servatur.
1412 723 1503 768 Sed
1519 724 1616 783 quia
1632 738 1799 767 mensu-

432 812 577 841 rarum
599 794 818 854 aequalitas
851 795 942 838 sine
960 795 1207 853 adjumento
1226 795 1425 839 Ecclesiae
1445 804 1573 854 utque
1594 795 1798 839 doctrinae

433 868 604 913 difficile
628 875 890 927 perseverat3
915 866 1077 910 idcirco
1099 867 1254 910 mulier
1278 868 1346 910 iila
1362 901 1373 917 ‚
1397 883 1490 926 quae
1517 866 1696 926 figuram
1720 867 1798 911 Ec-

432 940 570 984 clesiae
584 938 708 997 gerit,
727 938 874 981 tandiu
893 938 1093 982 virtutem
1111 939 1190 981 illis
1207 940 1413 982 doctrinae
1430 939 1628 998 spiritalis
1647 938 1800 982 admis-

431 1020 522 1062 cet,
557 1011 693 1053 donec
726 1009 1009 1052 fermentetur
1041 1017 1154 1052 totus
1187 1009 1258 1052 ille
1286 1010 1464 1053 interior
1494 1010 1624 1054 homo
1655 1010 1798 1054 cordis

433 1079 730 1129 absconditus,
755 1088 798 1122 et
821 1079 863 1122 in
892 1079 1071 1137 gratiam
1100 1079 1220 1137 panis
1242 1080 1424 1123 coelestis
1445 1089 1648 1138 assurgat.
1680 1080 1797 1124 Bene

430 1152 544 1195 enim
570 1152 827 1193 fermentum
854 1150 1047 1192 doctrina
1075 1149 1234 1193 dicitur
1254 1149 1434 1200 Christi,
1460 1150 1559 1208 quia
1586 1150 1706 1209 panis
1733 1159 1799 1194 est

433 1223 643 1271 Christus,
657 1230 699 1264 et
714 1221 943 1280 Apostolus
962 1221 1019 1264 ait
1040 1236 1081 1264 ει
1097 1221 1207 1274 Quia
1227 1237 1336 1265 unus
1353 1222 1472 1281 panis
1489 1237 1622 1266 unum
1641 1237 1797 1283 corpus

431 1315 447 1337 »
462 1295 585 1339 multi
606 1294 791 1337 smnus'.
810 1312 826 1334 »
1406 1303 1412 1308 ’

493 1365 661 1410 CXCII.
699 1365 769 1409 Fit
795 1380 896 1423 ergo
923 1379 1057 1407 unum
1081 1364 1338 1407 fermentum
1354 1397 1365 1414 ,
1389 1364 1560 1423 quando
1587 1380 1687 1409 caro
1712 1381 1797 1410 non

432 1435 699 1494 concupiscit
725 1435 926 1478 adversus
949 1433 1144 1493 spiritum
1160 1468 1171 1484 ,
1196 1449 1278 1478 nec
1300 1435 1473 1494 spiritus
1494 1436 1694 1479 adversus
1709 1451 1800 1480 car-

429 1522 527 1550 nem
549 1522 559 1549 2
582 1506 657 1548 sed
678 1505 785 1548 sacta
806 1505 946 1547 carnis
964 1504 1296 1557 mortificamus,
1316 1513 1358 1549 et
1377 1507 1518 1550 anima
1533 1522 1586 1550 ex
1598 1505 1702 1550 ssatu
1719 1506 1799 1551 Dei

429 1577 580 1621 ssatum
600 1573 695 1619 vitae
718 1575 948 1633 sumpsisse
964 1590 1009 1618 se
1027 1576 1198 1619 conscia
1213 1610 1224 1626 ,
1243 1577 1457 1620 saecularis
1473 1577 1798 1621 necessitudinis

383 1642 626 1706 ‘contagia
642 1655 811 1690 terrena
830 1645 1030 1690 declinat.
1051 1648 1173 1690 Unde
1189 1655 1233 1690 et
1249 1647 1478 1706 Apostolus
1492 1648 1635 1692 nonin
1651 1663 1795 1700 carno,

430 1720 506 1763 sed
532 1720 574 1762 in
596 1717 746 1778 spiritu
770 1717 991 1760 ambulare
1022 1732 1100 1761 nos
1121 1717 1314 1777 praecipit
1341 1734 1351 1761 ε
1378 1727 1425 1762 ut
1446 1718 1696 1762 sanctificati
1722 1735 1799 1778 per

430 1790 648 1833 lavacrum
671 1788 1030 1846 regenerationis,
1058 1797 1248 1832 veterem
1268 1788 1487 1833 hominem
1502 1804 1600 1834 cum
1622 1790 1709 1833 suis
1726 1792 1798 1834 de-

432 1859 595 1903 sideriis
606 1857 844 1907 exuentes²‚
867 1857 1007 1902 induti
1024 1873 1199 1908 novum,
1223 1859 1296 1916 qui
1319 1860 1558 1903 secundum
1579 1860 1798 1905 Christum

432 1939 629 1980 creatur,
653 1943 739 1973 non
763 1929 806 1972 in
834 1937 1044 1973 vetustate
1060 1929 1212 1973 litterae
1230 1962 1242 1980 ,
1264 1931 1338 1974 sed
1359 1931 1401 1973 in
1424 1930 1607 1975 novitate
1627 1931 1798 1990 spiritus
1833 1971 1835 1974 Α

431 1999 719 2061 gradiamur⁸3
738 2015 824 2058 quo
835 2001 970 2059 possit
984 2001 1108 2045 nobis
1125 2002 1252 2045 etiam
1267 2002 1592 2047 resurrectionis
1608 2011 1798 2061 tempore

432 2072 677 2130 incorrupta
703 2070 896 2128 corporis
920 2079 964 2114 et
980 2071 1131 2115 animae
1153 2080 1198 2115 et
1217 2072 1389 2131 spiritus
1408 2087 1580 2115 manere
1601 2087 1798 2115 commu-

433 2142 504 2186 nio
524 2157 534 2185 :
555 2147 599 2185 et
617 2149 720 2184 tunc
742 2140 883 2183 omnia
901 2156 995 2198 quae
1011 2141 1222 2199 petimus,
1246 2141 1537 2200 impetremus.
1561 2142 1691 2195 Quod
1712 2143 1800 2201 ple-

430 2212 574 2270 risque
590 2210 758 2254 videtur
776 2211 904 2254 etiam
919 2210 1128 2255 Dominus
1150 2211 1409 2271 significasse
1423 2245 1434 2262 ‚
1455 2213 1558 2256 dum
1579 2206 1684 2256 dicit
1701 2228 1712 2254 ε
1728 2211 1798 2255 .Si

431 2282 630 2326 »duobus
661 2296 714 2324 ex
742 2280 865 2325 vobis
890 2282 1141 2325 convenerit
1165 2297 1295 2341 super
1320 2291 1502 2333 terram,
1526 2283 1580 2326 de
1603 2282 1721 2326 omni
1750 2297 1798 2328 re

431 2367 732 2413 »quacumque
761 2351 994 2412 petieritis,
1031 2351 1106 2396 fiet
1139 2353 1258 2397 vobis
1287 2369 1310 2397 a
1339 2353 1463 2398 Patre
1493 2368 1615 2404 meo,
1648 2353 1722 2413 qui
1752 2353 1797 2398 in

433 2443 451 2467 ι
465 2424 583 2469 coelis
609 2422 711 2467 θεῖ’.
726 2444 741 2462 ο
1814 2477 1818 2481 ῃ

489 2493 681 2539 CXCIII.
703 2494 851 2552 Itaque
867 2493 1072 2546 alfiduos,
1097 2494 1281 2538 animam
1310 2503 1354 2539 et
1377 2510 1534 2555 corpus
1551 2493 1792 2554 accipiunt:

427 2565 497 2611 alii
513 2565 700 2610 animam
716 2574 760 2610 et
773 2564 969 2625 spiritum
983 2600 994 2617 ,
1013 2574 1063 2610 ut
1079 2567 1112 2610 si
1130 2566 1170 2610 in
1191 2575 1328 2618 terra,
1347 2566 1431 2611 hoc
1446 2574 1531 2617 est,
1551 2566 1594 2609 in
1615 2580 1796 2626 corpore
1845 2607 1846 2616 ἶ

472 2676 483 2692 ¹
500 2678 512 2700 ι
532 2667 661 2707 Cor-x,
682 2678 733 2711 ¹7·
757 2685 799 2694 —
827 2678 841 2694 ⁸
861 2651 1072 2710 Colossstu,
1090 2681 1124 2715 ⁹·
1155 2679 1205 2704 ιο.
1222 2687 1264 2695 -
1281 2672 1297 2695 ⁸
1322 2669 1418 2703 Rom.
1443 2678 1495 2710 vt,
1516 2667 1551 2708 4.
1569 2683 1612 2692 -
1641 2669 1656 2695 ⁴
1673 2666 1795 2703 aetth-

426 2733 527 2763 xvm,
550 2732 599 2766 ¹9·
