1846 3262
441 274 527 325 4·ὶο
975 295 979 298 -
1007 285 1039 314 s.
1080 277 1271 316 nonnoso

436 364 706 424 reprehendo
727 362 844 422 quod
866 364 1059 423 negavit,
1082 366 1209 408 laudo
1229 367 1343 424 quod
1367 362 1495 411 ssevit.
1533 362 1659 414 Aliud
1689 359 1808 415 com-

437 453 570 480 mune
595 436 851 480 conditionis
873 445 936 479 est
954 470 963 485 ,
994 437 1108 479 aliud
1130 438 1313 496 speciale
1334 439 1514 484 virtutis.
1539 440 1592 485 Et
1616 442 1811 493 ideoins·

438 510 596 552 truitur
624 509 677 551 ad
700 509 963 557 cavendum,
992 523 1075 551 non
1100 509 1267 567 cogitur
1293 510 1346 552 ad
1371 512 1626 569 negandum.
1674 511 1676 513 ’
1718 516 1721 526 ’

504 598 518 619 ι
535 579 618 633 Qui
651 594 766 623 nunc
786 580 930 630 habet,
957 580 1118 638 inquit,
1144 582 1382 631 sacculum.
1408 583 1527 626 tollat
1550 582 1744 627 similiter
1767 592 1811 628 et

437 666 645 709 »pcnamt
666 651 797 709 etqui
817 667 901 695 non
921 652 1070 702 habet,
1092 653 1245 695 vendat
1265 653 1450 696 tunicam
1463 667 1610 705 suam,
1609 659 1611 661 ’
1636 663 1678 698 ct
1697 663 1811 698 emat

439 723 580 765 ›sibi‹
571 723 801 781 gladium&
822 741 837 763 n

497 794 685 838 L111.0
710 795 915 844 Domine,
948 811 1027 838 cnr
1058 810 1202 839 emere
1232 809 1302 839 me
1331 795 1456 855 jubes
1491 795 1704 856 gladium.
1738 780 1810 855 qui

437 866 564 908 scrire
601 881 670 909 me
707 867 943 924 prohibes?
979 867 1068 909 Cur
1094 867 1254 910 hahere
1286 867 1503 926 praecipis,
1539 882 1665 926 quem
1697 875 1812 911 vetas

432 936 606 994 promi?
627 936 731 980 Nisi
739 938 846 980 sorte
865 945 911 980 ut
938 937 990 980 sit
1013 947 1159 996 parata
1183 938 1373 981 defensio
1394 971 1405 989 ‚
1431 943 1515 982 non
1540 939 1646 982 ultio
1665 934 1812 983 neces·

437 1007 570 1056 saria;
595 1015 639 1050 et
667 1007 812 1051 videar
833 1008 1022 1067 potuisse
1047 1009 1274 1057 vindicari,
1305 1011 1376 1052 sed
1401 1009 1602 1055 noluisse.
1633 1009 1720 1054 Lex
1746 1019 1813 1053 ta-

437 1093 536 1120 men
555 1078 729 1121 referire
751 1093 837 1121 non
853 1088 987 1128 vetat,
1012 1088 1055 1122 et
1074 1080 1169 1122 ideo
1186 1080 1364 1123 sortasse
1382 1081 1508 1124 Petro
1525 1079 1631 1124 duos
1653 1079 1812 1139 gladios

439 1148 637 1192 offerenti
659 1164 669 1191 :
688 1149 821 1193 «Satis
840 1150 945 1200 est²‚
958 1170 974 1189 n
990 1150 1114 1199 dicis.
1135 1150 1254 1208 quasi
1270 1149 1442 1194 licuerit
1459 1149 1814 1209 usquead‘Evan-

440 1221 626 1279 gelium;
654 1229 699 1264 ut
721 1222 773 1264 sit
791 1222 833 1264 in
850 1221 963 1281 Lege
982 1222 1190 1281 aequitatis
1208 1222 1393 1266 eruditio
1406 1257 1416 1275 ‚
1436 1222 1479 1266 in
1497 1222 1724 1282 Evangelio
1739 1223 1815 1275 §bo-

439 1292 584 1336 nitatis
611 1293 830 1352 perfectio.
1696 1308 1700 1311 “

499 1362 605 1407 LIV.
642 1364 785 1407 Multis
807 1364 889 1408 hoc
907 1364 1100 1423 iniquum
1120 1366 1290 1410 videtur
1313 1381 1322 1410 :
1344 1365 1418 1410 sed
1437 1381 1521 1410 non
1545 1365 1714 1425 iniquus
1731 1358 1816 1409 Do-

438 1434 605 1487 minus,
631 1435 704 1494 qui
731 1450 830 1478 cum
861 1451 906 1479 se
930 1445 1074 1495 posset
1101 1437 1276 1488 ulcisci,
1303 1437 1453 1481 maluit
1478 1432 1705 1481 immolari.
1735 1434 1816 1480 Est

440 1507 556 1550 enim
596 1507 759 1566 gladius
796 1508 1020 1567 spiritalis,
1058 1518 1106 1553 ut
1140 1511 1297 1553 vendis
1329 1500 1678 1572 patrimonium,
1697 1518 1815 1552 emas

440 1579 647 1629 veibum,
665 1592 750 1636 quo
765 1580 881 1623 nuda
901 1580 1056 1623 mentis
1074 1580 1306 1640 penetralia
1326 1579 1576 1623 vestiuntur.
1599 1579 1673 1622 Est
1685 1577 1816 1622 etiam

442 1646 606 1706 gladius
639 1649 871 1707 passionis,
905 1659 954 1693 ut
977 1665 1105 1694 exuas
1128 1666 1309 1710 corpus,
1340 1659 1383 1695 et
1409 1650 1642 1694 immolatae
1672 1649 1815 1703 earnis

443 1720 604 1763 exuviis
623 1729 792 1763 ematur
813 1721 889 1764 tibi
911 1721 1021 1764 sacri
1039 1737 1196 1765 corona
1221 1721 1414 1781 martyrii
1434 1737 1444 1765 :
1469 1721 1586 1780 quod
1611 1734 1663 1764 ex
1683 1719 1817 1774 bene-

445 1792 703 1835 dictionibus
730 1793 967 1837 Dominicis
995 1794 1196 1853 colligere
1218 1803 1362 1853 potes,
1394 1793 1466 1851 qui
1491 1791 1703 1836 summam
1729 1806 1819 1836 om·

444 1864 565 1907 nium
584 1878 804 1912 coronam,
823 1864 967 1922 siquis
980 1865 1323 1924 persecutionem
1342 1866 1528 1924 patiatur
1540 1860 1619 1924 ‘pro
1637 1860 1814 1919 justitia,

442 1935 706 1994 praedicavit.
732 1935 924 1993 Denique
942 1945 988 1980 ut
1009 1937 1116 1979 scias
1135 1937 1232 1995 quia
1256 1937 1308 1979 de
1330 1935 1524 1995 passione
1542 1935 1712 1979 locutus
1732 1941 1812 1986 cst,

443 2021 500 2050 ne
521 2009 714 2051 turbaret
730 2007 1047 2066 Discipulorum
1067 2008 1229 2051 animos
1244 2042 1254 2058 ,
1275 2009 1328 2051 de
1348 2022 1391 2050 se
1408 2006 1650 2065 exemplum
1664 2004 1816 2064 'prom'-

443 2077 517 2127 lit,
552 2077 988 2131 dicenschuoniam
1018 2077 1101 2122 hoc
1135 2079 1251 2137 quod
1281 2078 1488 2138 scriptum
1518 2085 1608 2126 θεῖν,
1641 2083 1814 2134 oportet

445 2149 642 2208 »impleri
664 2149 704 2191 in
723 2164 792 2193 me
808 2181 819 2199 ,
838 2151 954 2207 quod
974 2159 1016 2193 et
1039 2164 1139 2193 cum
1171 2149 1338 2207 injustis
1362 2150 1590 2208 deputatus
1607 2147 1712 2192 est&
1727 2143 1785 2188 »‘'‘'

503 2219 588 2264 LV.
625 2219 765 2264 Movet
799 2228 941 2263 tamen
972 2220 1113 2264 adhuc
1142 2221 1262 2279 quod
1290 2221 1396 2263 duos
1421 2219 1582 2278 gladios
1607 2214 1816 2278 Discipuli

423 2292 735 2350 ‘protulerunu
761 2306 815 2333 ne
837 2290 946 2334 forte
970 2306 1103 2334 unum
1127 2291 1249 2340 Novi,
1275 2291 1455 2334 alterum
1477 2288 1644 2333 Veteris
1660 2279 1815 2332 Testa·

441 2361 600 2412 menti,
627 2361 784 2420 quibus
813 2363 1012 2406 adversus
1036 2362 1193 2406 diaboli
1223 2377 1440 2405 armamur
1462 2358 1667 2404 insidias?
1689 2358 1817 2403 Deni-

438 2449 523 2491 que
540 2434 643 2478 dicit
660 2433 901 2477 Dominus.
918 2433 1051 2477 *Satis
1070 2443 1156 2483 est,
1187 2452 1205 2474 ι
1219 2434 1336 2516 quasi
1357 2433 1464 2476 nihil
1482 2431 1590 2475 desit
1605 2429 1667 2506 ei,
1685 2428 1816 2513 quent

440 2505 666 2564 utriusque
685 2505 948 2549 Testamenti
977 2506 1171 2550 doctrina
1195 2505 1412 2548 munierit.
1540 2512 1542 2515 ’
1802 2514 1810 2520 ·

510 2577 676 2627 «Pater,
694 2576 726 2619 si
740 2577 956 2636 possibile
966 2586 1047 2629 est,
1068 2577 1247 2622 transfer
1265 2593 1288 2622 a
1304 2592 1376 2621 me
1395 2576 1573 2621 calicem
1590 2573 1747 2621 istum.
1754 2596 1767 2620 a
1785 2591 1805 2619 ι

485 2677 495 2694 ¹
516 2669 596 2703 Luc.
616 2679 699 2709 xxii,
714 2667 766 2704 36.
780 2687 819 2695 —
839 2679 850 2696 ³
872 2668 961 2704 lbi-l.
980 2669 1034 2703 38.
1050 2687 1091 2697 —
1111 2671 1123 2695 ³
1140 2669 1227 2704 lbid.
1251 2670 1306 2714 37.
1320 2689 1359 2696 -
1379 2671 1390 2699 ⁴
1410 2668 1498 2705 lbid.
1513 2668 1567 2712 ⁴²,
1584 2666 1668 2715 432*
