1846 3262
449 309 533 359 44⁰
1005 320 1037 346 s.
1078 319 1271 347 AMnnosu

515 399 691 447 «Jesus,
729 398 892 457 inquit,
925 397 1167 440 Nazareuus
1198 411 1271 438 rex
1303 396 1592 440 Iudaeorum..

506 468 659 512 CXIII.
695 467 846 511 Merito
868 483 994 526 supra
1019 481 1192 510 crucem
1217 467 1387 515 titulus:
1411 466 1507 524 quia
1529 481 1615 510 non
1638 465 1812 512 humaui

445 540 660 597 corporis,
691 541 766 582 scd
802 539 954 581 divinae
985 538 1205 596 potcstatis
1236 546 1299 580 est
1326 553 1504 596 regnum
1536 540 1650 596 quod
1685 539 1813 583 habet

445 610 654 652 Christus.
685 609 835 652 Merito
856 623 981 667 supra
1000 623 1174 651 crucem
1194 608 1358 662 titulns;
1381 608 1478 666 quia
1498 608 1597 651 licct
1621 609 1661 652 in
1683 624 1812 654 cruce

440 688 533 722 erat
565 680 773 723 Dominus
803 679 949 728 Jews,
990 694 1118 738 super
1143 693 1317 721 crucem
1340 686 1480 722 tamen
1515 679 1624 738 regis
1660 680 1812 737 majes-

439 758 526 793 tate
553 749 758 793 radiabat.
795 750 960 794 Vermis
998 749 1039 791 in
1069 763 1220 799 cruce,
1261 749 1486 792 scarabeus
1517 749 1559 792 in
1585 764 1715 792 crucc
1736 765 1746 792 z
1766 760 1810 794 ct
1835 777 1839 781 ·

442 823 579 864 bonus
616 821 769 864 vermis
800 821 872 878 qui
907 820 1027 863 haesit
1057 820 1098 862 in
1122 820 1263 878 ligno,
1297 820 1435 862 bonus
1469 820 1695 863 scarabeus
1736 822 1809 879 qui

440 891 638 934 clamavit
673 907 695 934 e
727 891 854 950 ligno.
889 891 1005 943 Quid
1029 890 1260 933 clamavit?
1286 908 1301 929 ι
1330 890 1532 940 Domine,
1565 905 1618 933 ne
1649 899 1807 934 statuas

442 980 458 1000 n
491 962 571 1005 illis
602 961 685 1005 boc
730 970 968 1020 precatum.
1002 982 1019 1002 v»
1052 961 1258 1004 Ciamavit
1290 960 1443 1003 latroni
1474 976 1526 1003 ει
1548 960 1683 1004 Hodie
1713 974 1806 1003 me-

442 1050 459 1071 »
497 1047 594 1074 cum
634 1033 718 1075 eris
755 1033 796 1074 in
824 1031 1036 1091 paradiso.
1068 1049 1085 1071 ι
1123 1030 1331 1073 Clamavit
1373 1030 1492 1088 quasi
1529 1030 1756 1073 scarabeus
1789 1043 1802 1074 ε

456 1121 470 1140 α
494 1103 636 1149 Deus,
674 1103 790 1145 Deus
820 1117 965 1150 meus,
1004 1116 1137 1158 quare
1164 1115 1233 1144 me
1261 1101 1569 1158 dereliquistii'»
1588 1101 1640 1144 Et
1666 1101 1804 1144 bonus

436 1174 663 1216 scarabeus
678 1207 688 1223 ,
721 1174 793 1231 qui
816 1174 955 1215 lutum
980 1171 1169 1230 corporis
1202 1172 1333 1214 nostri
1353 1180 1450 1214 ante
1468 1171 1651 1215 informe
1670 1186 1719 1215 ac
1736 1171 1804 1230 pi-

436 1259 560 1303 grum
584 1244 786 1287 virtutum
818 1244 1013 1287 versabat
1036 1242 1218 1301 vestigiis
1241 1258 1251 1286 ε
1276 1243 1415 1285 bonus
1440 1243 1668 1286 scarabeus
1685 1274 1696 1292 ,
1728 1242 1802 1301 qui

436 1316 489 1359 de
514 1323 703 1358 stercore
724 1315 848 1374 erigit
869 1330 1112 1374 pauperem.
1138 1313 1281 1357 Erexit
1304 1314 1508 1365 Paulum,
1532 1313 1604 1372 qui
1619 1313 1800 1357 aestima·

434 1395 502 1431 tus
519 1397 583 1430 est
603 1396 649 1430 ut
666 1396 852 1430 stercora
874 1402 884 1429 ε
903 1386 1037 1430 erexit
1052 1395 1095 1429 ct
1116 1386 1201 1429 Job
1228 1385 1301 1444 qui
1327 1387 1504 1430 sedebat
1527 1385 1570 1429 in
1591 1393 1793 1430 stercore.

435 1458 527 1501 Non
554 1458 782 1501 mediocris
808 1473 909 1517 ergo
940 1458 1102 1502 titulus.

490 1528 641 1573 CXIV.
678 1530 773 1588 lpse
787 1537 929 1572 autem
949 1529 1089 1572 crucis
1110 1530 1230 1572 locus
1243 1562 1255 1580 ‚
1273 1529 1339 1572 vel
1357 1528 1399 1571 in
1417 1527 1583 1577 medio,
1602 1535 1651 1571 ut
1669 1542 1796 1572 cons-

428 1600 580 1658 picuus
609 1600 809 1643 omnibus
831 1601 929 1643 :vel
957 1615 1084 1658 supra
1113 1601 1241 1647 Adae.
1277 1607 1325 1643 ut
1352 1598 1520 1643 Hebraei
1551 1599 1792 1658 disputant,

427 1673 704 1730 sepulturam.
731 1671 1005 1729 Congruebat
1026 1670 1185 1729 quippe
1211 1678 1259 1714 ut
1278 1670 1335 1714 ibi
1357 1671 1452 1715 vitae
1475 1678 1631 1714 nostrae
1650 1669 1796 1730 primi·

424 1742 493 1786 tiae
512 1743 784 1791 locarentur,
810 1742 885 1785 ubi
907 1741 1074 1785 fuerant
1099 1742 1249 1785 mortis
1271 1741 1458 1785 exordia.

485 1812 614 1857 CXV.
640 1812 900 1856 Dividuntur
921 1813 1193 1863 vestimenta,
1218 1812 1307 1856 aliis
1325 1813 1440 1856 aliud
1457 1812 1566 1856 sorte
1578 1811 1789 1863 desertum

419 1884 498 1928 Dei
518 1877 825 1943 enim'spiritus
843 1899 928 1926 non
949 1884 1136 1927 humana
1158 1883 1362 1942 opinione
1387 1881 1787 1942 comprehenditur,

419 1956 492 1999 sed
520 1955 638 2014 quasi
661 1955 847 2013 quodam
866 1963 1021 1999 eventu
1045 1954 1290 2014 inopinatus
1310 1954 1512 1997 iilabitur.
1536 1953 1588 1996 Et
1612 1952 1788 1998 sortasse

417 2027 573 2070 milites
597 2026 663 2069 isti
689 2034 875 2084 quatuor
899 2026 1266 2084 Evangelistarum
1289 2025 1507 2068 habebant
1523 2033 1690 2083 typum.
1712 2023 1786 2082 qui

415 2096 678 2155 scripserunt
700 2096 893 2146 titulum,
923 2111 1050 2154 quem
1082 2110 1230 2139 omnes
1250 2097 1453 2155 legamus.
1476 2095 1590 2154 Lego
1612 2094 1783 2142 titulum

414 2166 522 2223 regis
550 2165 822 2215 Judaeorum,
849 2181 948 2209 cum
971 2168 1066 2224 lego
1087 2181 1096 2208 z
1114 2167 1334 2225 «Regnum
1357 2181 1501 2209 meum
1532 2180 1618 2208 non
1642 2173 1706 2209 est
1729 2164 1785 2209 do

412 2236 525 2279 *hoc
563 2236 764 2279 mund0·.
784 2255 799 2276 n
821 2236 934 2294 Lego
963 2250 1134 2279 causam
1167 2235 1324 2278 Christi
1358 2250 1487 2294 super
1519 2243 1651 2294 caput
1685 2233 1781 2293 ejus

363 2348 370 2360 ,
409 2306 636 2365 scriptam,
671 2322 771 2350 cum
802 2308 896 2365 lego
925 2321 935 2349 :
962 2324 978 2345 α
1010 2306 1062 2349 Et
1094 2306 1206 2349 Deus
1242 2314 1333 2349 erat
1367 2304 1630 2355 Verbum'u
1649 2312 1781 2364 caput

406 2376 521 2420 enim
544 2376 703 2420 Christi
730 2377 844 2420 Deus
866 2386 944 2421 est.

462 2447 612 2490 CXV1.
651 2447 725 2490 Isti
753 2462 856 2506 ergo
877 2447 1103 2490 servabant
1128 2448 1272 2490 Iesum
1288 2455 1331 2490 et
1352 2446 1481 2490 hodie
1497 2453 1693 2496 servants
1714 2459 1767 2490 ne

400 2517 471 2560 cui
492 2517 601 2561 sorte
621 2518 807 2568 labatur,
830 2533 884 2561 ne
899 2518 969 2561 cui
987 2519 1042 2562 de
1062 2517 1261 2576 passione
1283 2515 1513 2560 descendat
1527 2548 1540 2566 ‚
1563 2517 1678 2574 quod
1697 2530 1770 2575 pe-

398 2588 517 2632 tebat
534 2588 722 2648 populus
738 2587 1002 2632 Judaeorum.
1029 2588 1131 2632 Mihi
1153 2589 1278 2647 plane
1299 2586 1495 2631 Christus
1509 2585 1552 2630 in
1575 2585 1774 2646 passione

441 2689 448 2704 ι
471 2677 569 2711 Soan-
587 2689 684 2719 nm,
700 2679 756 2712 36.
770 2697 806 2705 —
827 2689 840 2705 ¹
860 2680 910 2714 Id.
935 2690 959 2719 ι,
979 2691 1006 2713 ι.
