1800 3268
375 293 390 321 ι
404 276 456 320 36
935 291 967 319 s.
1008 290 1202 320 Aasnnosu

367 369 562 427 Denique
580 382 685 426 quos
707 367 844 427 diligit
862 368 1085 420 Dominus,
1110 385 1221 430 saepe
1244 369 1453 430 castigat¹.
1470 371 1620 416 Petrus
1634 364 1734 418 ¹te'n-

369 447 481 482 tatus
502 447 583 488 est,
607 447 654 481 ut
680 446 854 496 negaret
871 454 880 481 ε
896 440 1079 498 negavit,
1102 449 1150 484 ut
1170 440 1324 485 sseret².
1348 441 1515 500 thuid
1538 443 1591 488 de
1612 444 1735 489 caete·

368 511 425 554 ris
444 509 611 553 dicam?
632 511 795 569 Nempe
815 509 899 554 Joh
920 520 1012 555 erat
1038 513 1243 571 probatus
1263 513 1354 557 Deo
1368 512 1380 536 ⁸
1398 516 1494 558 :sed
1519 507 1618 558 licet
1641 529 1736 576 pro·

367 582 492 624 batus
511 588 630 630 erat,
655 580 792 624 vietor
814 589 955 625 tamen
981 597 1068 626 non
1086 591 1192 627 erat.
1217 583 1399 628 Probata
1422 593 1515 629 erat
1534 583 1732 636 devotio·

368 651 536 695 virtutis
559 660 700 695 tamen
729 652 950 711 praemium
976 668 1063 696 non
1083 653 1284 698 habebat.
1311 655 1365 699 Et
1390 655 1486 700 ideo
1507 657 1735 701 tentandus

367 723 561 772 offertur.
586 731 633 767 ut
654 723 878 783 gloriosior
898 723 1164 768 redderetur.

425 795 638 840 XXXIX.
673 794 789 839 Illius
825 812 996 855 quoque
1031 797 1277 842 certaminis
1312 798 1442 843 refert
1474 791 1522 844 ut
1554 800 1734 860 gradum

367 875 547 925 spectes.
578 866 671 910 Non
695 881 828 910 unum
852 869 985 911 telum
1009 868 1202 912 diabolus
1222 868 1371 924 habet,
1389 863 1630 929 frequentat
1651 871 1736 930 spi·

368 937 490 986 cula;
519 944 565 979 ut
588 943 659 979 aut
681 937 857 996 praemio
880 937 1022 981 vincat
1037 970 1048 988 ,
1074 942 1147 981 aut
1172 939 1311 982 taedio.
1338 938 1481 983 Primo
1503 940 1737 1000 cupiditate

368 1008 579 1056 vulnerat,
613 1009 805 1050 secundo
836 1008 1010 1067 pietate,
1043 1008 1170 1052 tertio
1197 1003 1402 1060 sanita'te3
1439 1010 1593 1054 mentis
1620 1011 1737 1056 enim

369 1077 527 1138 pariter
551 1087 595 1121 et
619 1079 810 1138 corporis
841 1088 1003 1139 pugnat
1039 1080 1269 1124 ulceribus.
1307 1081 1538 1126 Diversitas
1566 1097 1738 1141 quoque

367 1150 457 1209 ipsa
481 1150 764 1193 tentationum
786 1165 864 1209 pro
887 1151 1129 1195 diversitate
1156 1152 1414 1196 certantium
1436 1145 1514 1197 est.
1542 1151 1739 1198 Avaritia:

370 1218 527 1263 damno
550 1220 665 1264 (lives
687 1230 879 1279 urgetur,
903 1230 1023 1281 pater
1045 1222 1269 1282 dispendio
1294 1221 1496 1278 filiorum,
1516 1223 1647 1275 homo
1668 1225 1739 1268 do·

367 1289 546 1344 loribus,
573 1306 728 1350 corpus
750 1293 980 1336 ulceribus.
1010 1293 1181 1346 Quanta
1203 1294 1294 1338 haec
1317 1295 1421 1339 tela!
1448 1295 1569 1346 Unde
1593 1296 1740 1340 Domi·

367 1377 446 1404 nus
476 1363 613 1406 noluit
646 1363 805 1408 habere
843 1365 959 1423 quod
994 1367 1219 1424 perderet·
1260 1374 1302 1409 et
1340 1365 1436 1411 ideo
1464 1379 1626 1436 pauper
1654 1367 1740 1413 huc

369 1428 501 1482 venit,
520 1448 572 1476 ne
591 1433 771 1478 haberet
793 1434 1002 1486 diabolus,
1029 1437 1146 1494 quod
1162 1436 1360 1481 auferret.
1387 1436 1463 1482 vis
1484 1432 1593 1483 'seire
1612 1453 1742 1497 quam

369 1517 517 1546 verum
536 1503 620 1546 sitiJ
638 1504 791 1562 Ipsum
797 1505 1033 1550 Dominum
1055 1507 1269 1551 dicentem
1288 1508 1419 1552 audi:
1435 1527 1452 1549 α
1468 1507 1598 1553 Venit
1613 1509 1742 1567 hujus

369 1590 386 1611 ι
401 1573 550 1616 mundi
573 1574 787 1633 princeps,
817 1584 861 1619 et
891 1576 933 1619 in
965 1592 1034 1620 me
1058 1577 1220 1621 invenit
1246 1577 1393 1622 nihi1⁴.
1414 1578 1590 1623 »Noluit
1611 1579 1741 1623 etiam

371 1656 608 1699 paucorum
626 1659 719 1687 esse
733 1653 868 1704 pater,
880 1654 927 1689 ut
945 1655 1055 1690 esset
1071 1649 1280 1691 omnium.
1300 1648 1475 1693 Frustra
1491 1657 1633 1693 autem
1651 1663 1743 1694 cor-

372 1714 487 1772 poris
510 1723 747 1759 tentarctur
766 1717 996 1768 ulceribus,
1016 1718 1087 1776 qui
1110 1727 1405 1764 contemneret
1426 1736 1574 1765 omnes
1595 1736 1744 1781 corpo-

373 1785 430 1828 ris
447 1786 662 1844 passiones
678 1802 688 1829 :
704 1787 831 1830 simul
848 1798 892 1831 ut
908 1790 1153 1834 ostenderet
1169 1791 1293 1834 nobis
1313 1792 1431 1849 quod
1450 1791 1742 1843 immaculata,

373 1857 563 1915 corporis
592 1857 715 1901 hoste
742 1859 938 1917 depulso,
967 1860 1145 1904 victoria
1175 1861 1255 1904 sibi
1281 1863 1524 1908 deberetur.
1557 1863 1644 1907 Sed
1672 1864 1745 1907 ille

374 1929 493 1986 quasi
521 1928 652 1972 homo
684 1930 769 1973 suis
799 1939 1003 1981 tentatur,
1031 1932 1101 1976 hic
1126 1933 1407 1991 publicistilli
1437 1934 1744 1994 patrimonium

375 1998 580 2048 aufertur,
597 1999 698 2043 huic
716 2016 894 2059 regnum
913 2003 1027 2045 orbis
1045 2003 1236 2047 offertur.
1259 2004 1346 2048 Nec
1365 2013 1479 2049 totus
1489 2005 1580 2050 sine
1594 2005 1746 2051 fraude

375 2069 586 2119 diabolus,
609 2071 680 2128 qui
703 2086 951 2130 exasperare
975 2073 1052 2116 Dei
1078 2074 1233 2119 Filium
1257 2085 1478 2120 vereretur
1499 2092 1509 2120 :
1534 2077 1653 2121 illum
1677 2077 1746 2123 in-

376 2137 498 2196 juriis
534 2147 686 2191 tentat,
724 2141 840 2185 huuc
871 2143 1069 2202 praemiis.
1112 2145 1188 2188 Ille
1226 2146 1344 2204 quasi
1380 2148 1572 2191 servulus
1607 2145 1742 2194 dicit:

386 2209 626 2253 «Dominus
661 2211 799 2264 dedit,
837 2212 1044 2258 Dominus
1078 2215 1277 2260 abstulit⁶
1302 2233 1312 2260 :
1333 2218 1432 2262 »hic
1464 2227 1629 2263 naturae
1659 2222 1745 2265 suoe

377 2280 749 2341 dispositionisque
773 2284 970 2328 conscius
996 2300 1070 2329 sua
1091 2287 1172 2330 sibi
1194 2287 1307 2331 ridet
1331 2287 1516 2334 offerri‘.
1548 2290 1602 2335 Et
1622 2299 1671 2335 ut
1692 2291 1746 2335 ad

377 2351 483 2395 illud
504 2362 784 2405 revertamur,
813 2355 971 2414 ingruit
996 2357 1172 2401 nuntius
1194 2372 1321 2418 super
1345 2360 1561 2412 nuntium,
1586 2358 1747 2423 conge-

377 2423 543 2467 minant
570 2425 858 2470 vulneramec
879 2434 1022 2470 tamen
1047 2427 1166 2473 sortis
1190 2430 1343 2474 athleta
1362 2440 1506 2476 mente
1528 2430 1742 2477 turbatur.

376 2493 617 2540 Adhibetur
637 2496 792 2540 mulier
814 2498 962 2556 primae
985 2498 1143 2543 fraudis
1164 2500 1387 2545 illecebra⁷
1404 2502 1498 2548 :hic
1518 2518 1596 2564 per
1617 2502 1746 2563 virgi-

427 2609 434 2623 ·
458 2600 565 2634 Hebr.
582 2612 645 2642 ιιι,
661 2602 695 2634 6.
710 2620 750 2628 -
770 2613 781 2628 ·
801 2603 878 2637 Luc.
897 2615 963 2637 xxu
977 2629 984 2641 .
1003 2606 1059 2648 57,
1075 2610 1108 2639 et
1124 2616 1218 2651 seqq.
1233 2626 1273 2633 —-
1292 2609 1307 2633 ⁸
1324 2608 1404 2642 Job.
1424 2621 1447 2650 ι,
1468 2620 1527 2651 u,
1543 2615 1574 2644 et
1590 2621 1629 2648 ιι.
1651 2610 1686 2643 6.
1703 2628 1745 2636 -

381 2656 394 2682 ⁴
410 2654 506 2690 loun.
523 2666 589 2696 xiv,
606 2657 658 2692 30.
671 2675 712 2683 —
729 2659 742 2683 ὕ
760 2657 837 2693 lob.
855 2670 882 2699 ι,
903 2668 959 2695 21.
975 2677 1013 2686 v
1028 2661 1044 2685 ⁶
1061 2660 1139 2695 Luc.
1154 2672 1222 2702 xiv,
1241 2663 1293 2705 15,
1311 2668 1343 2698 et
1356 2673 1448 2709 seqq.
1466 2682 1507 2692 —
1533 2671 1546 2696 ⁷
1564 2665 1638 2701 soh.
1657 2676 1694 2704 n,
1709 2678 1744 2711 9.
