1846 3262
395 245 481 289 360
946 260 980 289 ο.
1021 260 1214 290 ιιιιςιιοειι

395 339 436 383 in
459 340 542 384 hoc
573 340 728 383 saeculo
760 340 1062 384 contritionem
1094 341 1235 384 cordis
1258 340 1494 399 animaeque
1523 341 1761 400 patiantur.

395 424 480 468 quo
503 411 743 454 uberiorem
778 410 1019 453 mou-cedem
1054 411 1266 470 accipiant
1297 411 1337 454 in
1371 412 1584 460 futurum,
1619 428 1761 457 reme-

396 482 474 524 diis
493 481 782 530 insu-numum
804 482 936 538 utqui
961 482 1002 524 in
1019 482 1167 524 Judoea
1190 491 1300 529 sunt,
1322 482 1482 541 fugiant
1499 483 1539 526 in
1560 482 1756 526 monles'.
1830 513 1835 516 -

394 552 501 605 Quae
526 561 590 596 est
614 552 690 595 ista
712 552 890 596 Judaeai'
914 552 1016 596 Novi
1038 553 1152 595 enim
1173 561 1213 595 et
1242 553 1364 595 aliam
1390 553 1582 596 Judaeam
1606 569 1760 597 secun-

394 624 497 666 dum
528 623 747 682 spiritum,
776 639 860 666 non
891 625 1127 666 secundum
1150 624 1337 666 litterum
1366 640 1375 667 :
1400 624 1559 668 «Notus
1581 625 1692 667 enim
1718 625 1759 668 in

396 694 574 739 »Judaea
607 695 794 739 Deus².n
819 697 977 748 Quales
1011 706 1150 739 antem
1191 697 1257 740 isli
1292 705 1458 740 montes
1493 696 1566 754 qni
1601 697 1762 755 possint

395 774 557 809 metum
574 766 705 809 futuri
724 767 926 810 cohibere
942 766 1108 824 judicii,
1122 782 1220 811 cum
1240 768 1445 826 scriplum
1461 766 1514 811 sit
1531 782 1541 809 τ
1558 766 1761 810 «Tremor

395 853 411 875 ι
426 844 565 879 autem
579 846 745 880 montes
757 836 1001 896 occupabit³
1021 837 1039 879 Ρ
1058 837 1222 880 Coelum
1241 845 1283 880 et
1300 845 1410 880 terra
1433 837 1718 880 transibunv:
1734 855 1750 877 ι

392 908 608 964 quomodo
631 916 838 952 terrarum
858 908 997 967 portio
1015 909 1204 951 manebit
1218 908 1420 950 immunis
1434 941 1445 956 ‚
1470 917 1542 951 aut
1565 908 1672 951 tueri
1692 923 1760 951 me

388 976 570 1035 poterit,
595 992 687 1035 quae
709 993 787 1021 nec
808 978 896 1037 ipsa
921 993 964 1020 se
989 978 1159 1020 servat?
1178 978 1255 1020 Ubi
1273 978 1400 1035 igitur·
1418 993 1487 1021 me
1508 978 1559 1020 ab
1584 977 1643 1020 ira
1667 977 1760 1035 ejus

393 1047 652 1091 abscondam
667 1081 678 1098 ‚
699 1049 771 1106 qui
808 1049 1038 1091 conturbat
1062 1048 1324 1106 profundum
1338 1047 1500 1091 maris?
1519 1048 1589 1090 «Si
1610 1063 1760 1091 ascen·

395 1118 529 1160 »dero
558 1117 602 1161 in
633 1120 816 1169 coelum,
855 1119 913 1162 ibi
948 1127 1011 1162 est
1038 1134 1048 1160 ι
1076 1119 1109 1161 si
1145 1120 1408 1162 descendero
1443 1119 1485 1162 in
1517 1118 1756 1168 infernum,

393 1186 582 1231 »adest⁵.
601 1188 725 1233 »Non
752 1204 853 1248 ergo
878 1189 963 1233 salli
993 1197 1132 1248 potest
1163 1189 1235 1247 qui
1267 1189 1427 1247 ubique
1456 1197 1537 1238 est,
1564 1189 1640 1232 sed
1667 1189 1760 1248 pln-

393 1272 496 1301 cari.

449 1326 661 1373 XXXIX.
698 1328 831 1381 Adest
852 1330 994 1388 itaque
1014 1329 1163 1387 judicii
1181 1331 1269 1373 dies
1291 1345 1301 1372 τ
1323 1330 1357 1373 si
1377 1330 1437 1374 vis
1462 1345 1547 1373 non
1569 1344 1760 1390 compre-

391 1397 547 1449 hendi,
587 1399 779 1458 quotidie
811 1400 936 1451 time.
974 1401 1167 1459 quotidie
1197 1401 1306 1460 suge.
1345 1401 1510 1454 Quaeris
1542 1402 1759 1459 quomodo

392 1469 559 1529 fugias?
578 1488 595 1511 ι
611 1471 807 1515 Ascende
835 1472 875 1514 in
904 1481 1093 1516 montem
1114 1473 1185 1531 qui
1219 1473 1480 1531 evangelizas
1502 1472 1655 1522 Sion⁸;
1677 1492 1693 1513 ι
1713 1481 1758 1516 ut
1831 1479 1837 1487 ’

393 1543 660 1586 excelsorum
678 1543 837 1586 vertice
855 1543 985 1602 possis
1002 1545 1192 1587 eminere
1210 1544 1460 1586 meritorum
1485 1560 1495 1586 ε
1514 1545 1628 1587 Deus
1644 1543 1757 1587 enim

394 1614 624 1665 montium,
643 1623 685 1657 et
704 1630 788 1658 non
805 1615 919 1658 Deus
931 1603 1103 1659 vallium
1120 1615 1224 1659 051⁷.
1246 1616 1442 1659 Ascende
1459 1630 1510 1658 eo
1528 1616 1599 1658 ubi
1619 1615 1759 1659 Chris-

395 1693 464 1728 tus
483 1686 603 1729 sedet
625 1687 676 1728 ad
695 1685 910 1729 dexteram
932 1686 1034 1736 Dei,
1059 1686 1182 1745 cujus
1196 1686 1516 1730 «Fundamenta
1541 1686 1582 1727 in
1607 1685 1759 1729 monti-

393 1777 410 1797 »
425 1756 504 1799 bus
525 1756 705 1799 sanctis⁸
735 1772 745 1799 ε
772 1765 836 1806 et,
867 1757 1030 1800 Montes
1054 1757 1096 1799 in
1118 1757 1299 1800 circuitu
1321 1755 1453 1814 ejus’.
1471 1777 1486 1796 ι
1507 1756 1627 1799 Mons
1659 1764 1757 1799 tuus

390 1826 570 1877 Paulus,
597 1842 720 1869 mons
738 1835 836 1870 tuus
852 1827 1000 1870 Petrus
1020 1835 1096 1871 est.
1120 1828 1254 1885 Supra
1277 1827 1444 1869 iliorum
1460 1825 1586 1870 fidem
1605 1826 1757 1869 mentis

391 1905 476 1940 tuae
498 1897 639 1940 locato
661 1897 899 1956 vestigium.
934 1898 981 1940 ln
1006 1899 1097 1956 lege
1126 1897 1203 1940 Dei
1237 1906 1363 1955 atque
1389 1897 1635 1940 haereditate
1658 1895 1757 1940 fidei

392 1969 646 2012 constitutos
666 1968 815 2026 judicii
833 1969 921 2012 dies
938 1983 1024 2011 non
1045 1970 1097 2012 ad
1114 1983 1282 2027 poenum
1306 1967 1486 2016 invenit,
1510 1968 1584 2010 sed
1601 1969 1652 2010 ad
1671 1968 1758 2026 gio-

390 2038 511 2081 riam.

446 2107 540 2154 XL.
578 2109 621 2153 Si
645 2111 739 2168 quis
760 2110 888 2153 etiam
917 2111 958 2152 in
981 2118 1097 2154 tecto
1118 2118 1181 2153 est
1204 2109 1390 2168 positus,
1414 2108 1497 2151 hoc
1518 2115 1607 2156 est,
1632 2122 1757 2165 supe-

385 2179 498 2222 riora
526 2178 615 2238 jam
642 2181 794 2223 domus
822 2195 930 2228 suae,
965 2180 1333 2238 eminentiumque
1358 2179 1560 2221 vin-tutum
1585 2179 1754 2221 culmen

388 2249 598 2299 ascendit,
632 2252 683 2294 ad
706 2262 873 2293 terrena
887 2251 1035 2293 mundi
1054 2251 1181 2308 hujus
1199 2266 1325 2309 opera
1345 2265 1431 2292 non
1453 2250 1628 2292 recidat.
1652 2249 1755 2292 Novi

386 2319 501 2363 enim
525 2328 687 2364 tectum
705 2320 746 2363 in
771 2336 855 2378 quo
876 2321 1023 2364 Rahab
1048 2321 1117 2364 illa
1147 2330 1245 2379 typo
1274 2318 1529 2368 meretrix¹⁸,
1552 2318 1755 2378 mysterio

386 2391 576 2436 Ecclesia
597 2402 961 2436 sacramentorum
986 2394 1200 2435 consortio
1219 2393 1382 2451 populis
1405 2393 1600 2450 copulata
1622 2391 1755 2450 genti-

437 2518 445 2532 ¹
468 2508 587 2541 Moab.
610 2520 696 2544 xxiv.
721 2510 767 2542 16.
788 2529 823 2534 —
846 2520 857 2534 ⁸
884 2509 963 2542 l'sui.
985 2521 1078 2549 mxv,
1099 2520 1110 2541 1
1145 2528 1182 2533 —
1203 2511 1215 2532 ³
1245 2509 1305 2540 hm
1341 2521 1424 2540 [vx.
1441 2510 1471 2540 5.
1491 2527 1520 2532 -
1550 2508 1655 2541 ⁴Luc.
1683 2518 1753 2549 xxv,

390 2563 446 2596 33.
463 2581 503 2588 —
520 2566 533 2587 ⁵
555 2564 637 2596 Psal.
658 2575 819 2600 cxxxviii,
837 2566 868 2595 8.
891 2583 926 2589 —-
956 2566 972 2587 ⁶
1003 2565 1076 2596 lm.
1100 2575 1151 2599 u..
1171 2575 1203 2607 9.
1222 2571 1287 2592 -7
1309 2564 1326 2595 5
1345 2565 1423 2603 fleg.
1444 2574 1493 2598 xx.
1514 2562 1566 2596 ²8.
1582 2577 1621 2586 -·
1637 2564 1650 2584 ⁸
1668 2562 1754 2597 Psal.

389 2628 521 2657 mxxxvi,
542 2628 571 2652 1.
588 2636 627 2645 -
644 2626 659 2648 9
675 2618 726 2652 ld.
751 2628 862 2656 enm.
879 2630 909 2652 2.
926 2637 966 2645 --
987 2627 1018 2642 ··
1034 2618 1146 2652 ιΙοειιὲ.
1162 2630 1202 2658 ιι,
1227 2630 1254 2657 1,
1270 2623 1302 2651 et
1317 2629 1405 2662 seqq.
