1846 3262
444 290 528 333 288
956 315 958 320 ,
1004 298 1037 327 s.
1072 296 1270 328 maman
1299 327 1304 330 ,

439 384 531 412 esse
553 366 832 426 supplicium.
863 379 1034 424 poenam
1066 365 1259 424 corporis
1280 378 1368 408 non
1387 379 1480 408 esse
1500 366 1809 425 metuendam)

441 454 556 482 mors
582 436 696 480 enim
726 443 890 479 naturae
918 433 1038 486 finis,
1062 450 1147 479 non
1171 450 1296 494 poena
1317 443 1380 479 est
1401 450 1411 478 :
1441 431 1485 479 et
1510 434 1608 480 ideo
1625 445 1810 493 mortem

441 507 638 566 supplicii
671 506 903 566 corporalis
926 521 1018 550 csse
1047 506 1284 557 desectum,
1318 522 1489 566 poenam
1514 522 1617 552 vero
1659 507 1811 553 animae

440 595 532 623 csse
567 587 844 638 perpetuam;
877 593 1014 636 eoque
1047 577 1186 621 Deum
1224 579 1481 624 solumvesse
1503 579 1810 630 metuendum,

443 652 567 709 cujus
590 650 791 710 potestati
813 664 900 693 non
922 657 1074 692 natura
1093 649 1363 708 praescribat,
1390 650 1467 693 sed
1479 650 1638 705 'eadem
1660 659 1812 704 natura

442 722 662 781 subjaceat
690 738 700 765 :
735 730 919 765 mortem
948 735 1049 765 vero
1076 736 1163 764 non
1180 736 1286 775 ¹esse
1307 721 1568 774 terribilem,
1597 722 1815 781 quamsslo·

439 793 673 852 cuplctiore
696 793 858 836 soenore
881 791 934 835 sit
952 792 1249 835 immortalitas
1272 793 1561 851 redemptura.
1621 843 1626 847 ,
1670 825 1675 829 -
1784 851 1786 854 .

499 863 611 908 CXI.
650 862 936 921 Inspiraverat
955 862 1163 911 Dominus
1180 862 1464 921 simplicitatis
1479 862 1683 917 affectum
1696 895 1709 914 ,
1733 862 1814 907 vir-

442 943 579 981 tutem
605 934 759 977 mentis
784 941 1001 984 erexerat,
1024 932 1130 977 fides
1153 935 1241 976 sola
1265 934 1447 979 nutabat
1470 949 1480 977 :
1508 934 1623 990 hene
1641 948 1737 987 eam
1759 935 1813 987 dae

438 1005 659 1048 vilioribus
689 1004 933 1053 roboravit;
965 1019 1066 1046 nam
1094 1003 1128 1047 si
1156 1003 1270 1047 Deus
1301 1004 1563 1052 oblivionem
1590 1019 1812 1063 passorum

443 1091 530 1118 non
553 1076 699 1125 habet,
723 1073 947 1118 hominum
965 1073 1123 1116 habere
1138 1080 1212 1130 qui
1229 1074 1401 1132 potest?
1421 1074 1550 1129 Quod
1565 1075 1600 1118 si
1618 1083 1735 1131 tanta
1749 1083 1814 1119 est

442 1145 522 1189 Dei
553 1153 596 1187 et
623 1153 709 1187 tam
734 1153 892 1187 aeterna
910 1142 1144 1201 majestas,
1172 1151 1221 1201 ut
1247 1159 1358 1188 unus
1378 1159 1430 1188 ex
1450 1140 1815 1203 passeribus,‚aut

442 1226 689 1261 nostrorum
712 1229 917 1258 numerus
936 1214 1189 1272 capillorum
1205 1222 1360 1273 praeter
1380 1215 1697 1273 scientiamDei
1711 1230 1813 1270 ,non

442 1291 526 1334 sit:
554 1303 684 1347 quam
714 1286 938 1344 indignum
969 1292 1033 1327 est
1060 1283 1272 1327 aestimare
1300 1285 1418 1343 quod
1450 1282 1813 1342 fidelium,.cottda

442 1359 651 1405 Dominus
669 1364 742 1401 aut
757 1356 925 1414 ignoret
945 1387 956 1405 ‚
981 1363 1054 1398 aut
1078 1363 1277 1413 spernat,
1305 1354 1378 1413 qui
1393 1354 1543 1401 viliora
1556 1354 1814 1414 cognoscat?

514 1430 648 1485 CXII.
692 1428 891 1473 Fortasse
922 1426 1036 1469 dicat
1077 1425 1226 1483 aliquis
1258 1440 1269 1468 :
1312 1425 1556 1478 Quomodo.
1581 1426 1812 1486 Apostolus

447 1503 552 1548 dixit
570 1518 580 1545 z
605 1518 622 1541 α
638 1482 861 1555 Numquid
882 1497 934 1539 de
956 1495 1094 1538 hobus
1115 1510 1219 1547 cura
1240 1503 1305 1539 est
1324 1495 1417 1540 Deo
1432 1495 1445 1519 ⁸
1461 1514 1475 1547 ς
1491 1515 1509 1536 ι
1531 1496 1812 1556 cumffutique

447 1556 670 1631 bos'passe
692 1565 919 1630 pretiosior
940 1563 1026 1608 siti)
1047 1564 1132 1608 Sed
1153 1565 1268 1610 aliud
1295 1575 1361 1610 est
1384 1581 1504 1616 cura,
1534 1566 1654 1612 aliud
1677 1566 1812 1620 scien-

447 1645 517 1688 tia.
539 1641 734 1699 Denique
748 1651 953 1682 numerus
975 1635 1226 1695 capillorum
1243 1651 1330 1680 non
1353 1637 1397 1679 in
1421 1645 1520 1681 actu
1531 1635 1814 1696 computatio·

445 1716 536 1765 nis,
571 1714 647 1756 sed
683 1711 727 1754 in
764 1707 967 1752 facilitate
1001 1706 1255 1765 cognitionis
1297 1708 1532 1767 accipitur3
1574 1722 1662 1753 non
1693 1707 1811 1752 enim

445 1785 669 1832 sollicitam
695 1781 810 1825 Deus
831 1793 945 1822 curae
961 1778 1224 1823 numerantis
1240 1778 1430 1825 ,intendit
1450 1779 1678 1832 excubiam
1696 1796 1707 1824 :
1737 1779 1811 1830 sed

446 1857 516 1901 cui
532 1853 702 1913 cognita
723 1858 822 1894 sunt
842 1848 1006 1899 omnia,
1033 1848 1151 1906 quasi
1166 1858 1391 1894 numerata
1408 1858 1508 1909 sunt
1523 1850 1811 1907 omnia-Bene

446 1937 590 1971 tamen
605 1920 822 1967 numerari
845 1919 1073 1968 dicuntum
1097 1918 1196 1979 quia
1218 1918 1287 1963 illa
1306 1935 1400 1978 quae
1421 1919 1618 1978 volumus
1640 1934 1812 1976 ,serrare

445 2009 734 2043 numeramus·
1512 1982 1516 1992 Γ
1620 2039 1639 2043 ,,
1698 2030 1714 2044 ›.
1783 2035 1786 2041 Δ

508 2066 661 2112 CXIII.
692 2064 923 2108 Possumus
955 2068 1098 2103 tamen
1123 2059 1194 2104 hic
1221 2060 1435 2106 discutere
1452 2062 1632 2120 ¹aliquod
1653 2062 1811 2107 intelli-

447 2138 598 2199 gentiae
629 2133 826 2194 spiritalis
860 2146 1062 2174 arcanum
1087 2145 1097 2173 τ
1122 2131 1356 2189 praesertim
1379 2147 1479 2176 cum
1506 2133 1811 2196 hoc-videatur

447 2208 706 2256 absurdum,
728 2212 776 2246 ut
797 2202 993 2246 homines
1021 2216 1107 2244 non
1139 2201 1280 2260 potius
1303 2203 1550 2248 hominibus
1568 2219 1697 2263 quam
1713 2219 1810 2264 'pas-

443 2279 607 2324 seribus
625 2281 941 2332 comparentur.
956 2271 1169 2316 Videntur
1186 2272 1300 2315 enim
1322 2273 1510 2332 quinque
1531 2274 1600 2322 isti
1617 2289 1808 2334 passeres

445 2351 633 2410 quinque
662 2360 754 2390 esse
781 2344 972 2403 corporis
999 2358 1146 2387 sensus
1162 2377 1173 2393 ,
1195 2351 1354 2393 tactuS‚
1377 2346 1605 2396 odoratus.
1632 2355 1804 2406 gustus,

441 2416 577 2468 visus,
601 2415 799 2460 auditus:
823 2413 895 2471 qui
925 2414 1054 2456 modo
1095 2428 1314 2471 passerum
1350 2414 1383 2457 si
1419 2423 1687 2470 terrenarum
1720 2431 1807 2466 sor·

440 2491 559 2535 (lium
574 2487 787 2530 rimentur
807 2483 997 2527 illuviem
1011 2516 1023 2533 ‚
1047 2492 1173 2541 atque
1195 2499 1246 2526 ex
1273 2484 1442 2528 incultis
1463 2485 1567 2530 locis
1590 2494 1635 2530 et
1647 2485 1805 2535 soetidis

442 2562 588 2606 cibum
610 2564 802 2615 quaerant
816 2589 827 2606 ,
856 2555 1110 2599 delictorum
1136 2570 1311 2599 suorum
1332 2556 1494 2614 laqueis
1511 2557 1732 2617 occupati,
1751 2558 1805 2602 ad

485 2661 496 2678 ¹
519 2663 529 2685 ι
547 2650 630 2685 Cor.
655 2659 704 2689 ux,
719 2659 752 2692 9.
