1800 3268
357 339 412 390 84
907 343 939 372 ι.
978 341 1175 372 Αυιιιιοειι

414 425 565 473 XCIV.
601 424 795 470 Vidimus
823 421 1029 481 Spiritum
1057 422 1130 465 sed
1159 420 1202 464 in
1229 419 1370 479 specie
1397 418 1608 480 corporali
1627 432 1638 462 ε
1659 418 1721 463 vi-

359 502 533 543 deamus
559 505 603 540 et
629 496 813 540 Patrem.
845 493 930 537 Sed
960 492 1058 551 quia
1082 493 1227 535 videre
1257 506 1342 534 non
1373 504 1617 550 possumus,
1645 505 1723 533 au-

357 572 537 616 diamus.
581 567 713 612 Adest
750 566 865 610 enim
898 565 1128 608 benevolus
1162 564 1294 612 Deus,
1333 577 1420 606 non
1457 562 1725 619 derelinquet

358 641 563 698 templum
597 652 735 681 suum.
773 635 877 681 Vult
910 649 1083 678 omnem
1122 632 1375 677 exaedificari
1413 631 1597 675 animem
1614 632 1728 675 :vult

360 726 455 754 eam
478 711 531 753 ad
551 710 731 753 salutem
754 706 1009 749 informarez
1025 705 1115 747 vult
1141 704 1303 762 lapides
1331 702 1447 746 vivos
1478 718 1501 746 a
1531 701 1729 747 terra'ad

360 782 517 824 coelum
536 770 776 823 iransserre.
797 775 944 835 Diligit
962 776 1171 833 templum
1184 789 1310 817 suum
1325 781 1391 817 :et
1410 788 1488 817 nos
1506 773 1730 833 diligamus

361 866 474 894 eum.
491 849 536 894 Si
558 848 771 907 diligimus
787 847 923 890 Deum
938 878 950 896 ,
977 853 1188 904 praecepta
1204 844 1297 902 ejus
1313 859 1543 888 servemus.
1571 844 1615 888 Si
1641 844 1732 889 dili·

363 920 501 980 gimus
523 934 639 968 eum,
669 917 912 961 noverimus
938 930 1051 959 eum.
1071 934 1087 955 α
1105 914 1191 968 Qui
1217 915 1331 958 enim
1359 915 1463 959 dicit
1490 916 1588 974 quia
1617 915 1735 960 novit

366 1005 512 1040 neum,
541 997 584 1032 et
611 996 823 1047 praecepta
842 986 936 1044 ejus
959 1002 1044 1029 non
1069 993 1223 1036 servat,
1247 987 1432 1030 mendax
1454 986 1562 1030 θεῖ’.
1582 987 1735 1041 »Quo-

367 1061 498 1104 modo
518 1059 632 1102 enim
655 1067 792 1118 potest
819 1058 956 1102 Deum
981 1057 1171 1115 diligere,
1204 1057 1276 1114 qui
1306 1071 1392 1100 non
1419 1056 1555 1115 diligit
1579 1057 1737 1100 verita-

368 1141 475 1180 tem,
505 1145 604 1174 cum
630 1129 746 1174 Deus
772 1129 926 1173 veritas
956 1127 1035 1171 sit?
1067 1126 1304 1171 Audiamus
1326 1143 1427 1186 ergo
1453 1127 1646 1177 Patrem
1677 1127 1740 1170 in-

370 1201 546 1244 visibilis
578 1200 692 1244 enim
725 1202 882 1244 Pater:
907 1201 982 1243 sed
1011 1207 1052 1242 et
1084 1198 1216 1242 Filius
1248 1198 1470 1242 invisibilis
1499 1200 1738 1243 secundnm

373 1272 635 1315 divinitatem
649 1287 661 1320 ς
683 1270 822 1314 Deum
853 1271 968 1313 enim
991 1285 1120 1313 nemo
1141 1270 1246 1313 vidit
1267 1285 1466 1328 unquam.
1497 1270 1606 1315 Cum
1636 1286 1741 1330 ergo

371 1343 505 1388 Filius
525 1343 656 1391 Deus,
681 1341 724 1384 in
745 1357 796 1385 eo
819 1342 966 1398 utique
991 1342 1106 1398 quod
1132 1341 1245 1384 Deus
1266 1341 1415 1391 Filius,
1440 1357 1525 1385 non
1549 1341 1740 1394 videtur-3

377 1415 452 1457 sed
477 1414 768 1455 demonstrare
798 1427 843 1454 se
871 1411 1005 1454 voluit
1027 1411 1070 1452 in
1097 1420 1355 1469 corporezet
1374 1412 1471 1470 quin
1495 1412 1620 1456 Pater
1647 1427 1745 1456 cot·-

378 1500 459 1544 pus
477 1498 565 1536 ‚non
592 1483 782 1541 gerebat,
811 1482 907 1525 ideo
930 1482 1113 1540 probare
1137 1483 1270 1525 voluit
1291 1484 1415 1526 Pater
1435 1485 1557 1528 nobis
1575 1485 1616 1527 in
1637 1485 1746 1528 Filio

378 1570 423 1598 se
445 1569 535 1596 esse
557 1561 824 1611 praesentem,
850 1551 996 1594 dicens
1014 1567 1023 1593 ε
1043 1570 1059 1589 α
1073 1552 1207 1595 Filius
1229 1568 1347 1596 meus
1363 1570 1408 1596 es
1426 1563 1489 1605 tu,
1508 1554 1550 1597 in
1571 1563 1612 1598 te
1634 1570 1749 1598 com-

382 1624 567 1684 »placuh
590 1622 664 1665 »Si
692 1623 752 1666 vis
784 1622 948 1664 discere
976 1621 1131 1665 Filium
1165 1638 1263 1665 cum
1298 1623 1423 1667 Patre
1454 1640 1624 1684 semper
1657 1641 1748 1670 esse

383 1703 652 1754 praesentem,
687 1693 781 1750 lege
808 1691 903 1735 Filii
937 1706 1085 1734 vocem
1110 1692 1289 1735 dicentis
1311 1708 1355 1735 :c
1372 1693 1416 1736 Si
1449 1695 1680 1738 ascendero
1707 1695 1750 1738 in

385 1765 596 1812 »coelum‚
621 1770 667 1805 tu
692 1762 749 1804 ibi
772 1777 842 1805 es:
861 1761 896 1804 si
921 1762 1182 1805 descendero
1213 1765 1266 1805 ad
1295 1763 1533 1816 infernum,
1559 1765 1700 1809 ades'.
1724 1783 1740 1806 ι

385 1834 430 1877 Si
461 1834 595 1876 Patris
627 1831 916 1875 testimonium
950 1832 1131 1888 quaeris,
1168 1834 1321 1876 audisti
1348 1849 1371 1877 a
1396 1834 1576 1879 Joanne.
1614 1835 1753 1878 Crede

381 1905 509 1962 igitur
530 1903 584 1953 ei,
610 1903 677 1945 cui
699 1918 743 1945 se
761 1902 1071 1960 baptizandum
1092 1904 1275 1946 credidit
1297 1904 1510 1955 Christus,
1536 1905 1754 1950 cuiPater

383 1973 540 2018 Filium
573 1971 734 2015 coelesti
773 1985 876 2014 voce
918 1972 1148 2021 commisit,
1183 1973 1490 2019 dicens:«Hic
1519 1983 1585 2020 est
1619 1975 1753 2020 Filius

387 2064 404 2087 n
419 2058 538 2087 meus
559 2043 754 2092 dilectus,
779 2042 822 2084 in
843 2057 928 2099 quo
950 2043 1226 2100 complacui³.
1250 2063 1265 2083 ι

450 2114 581 2159 XCV.
620 2114 701 2156 Ubi
732 2121 830 2156 sunt
861 2113 1032 2162 arriani,
1063 2115 1217 2171 quibus
1250 2131 1335 2158 non
1366 2118 1505 2175 placet
1531 2117 1680 2168 Filius,
1710 2117 1755 2160 in

392 2201 476 2245 quo
489 2183 749 2242 complacuit
763 2183 916 2226 Pater?
935 2184 1026 2226 Hoc
1043 2199 1127 2226 non
1146 2199 1223 2242 ego
1242 2186 1355 2235 dico,
1375 2201 1514 2244 neque
1529 2187 1756 2231 hominnm

393 2259 614 2316 quisquam
644 2257 813 2298 locutus
843 2263 928 2304 est3
959 2270 1096 2314 neque
1125 2256 1239 2300 enim
1271 2272 1347 2315 per
1375 2258 1593 2303 hominem
1622 2259 1754 2310 Deus,

391 2343 531 2385 neque
557 2343 633 2386 per
656 2327 861 2385 Angelos,
888 2341 1027 2384 neque
1057 2342 1133 2385 per
1157 2327 1564 2387 Archangeloszsed
1591 2331 1644 2375 ab
1667 2331 1756 2390 ipso

392 2399 517 2442 Patre
538 2412 618 2439 vox
636 2397 688 2439 de
711 2397 818 2439 coelo
837 2396 959 2439 missa
979 2396 1169 2453 signavit.
1199 2398 1364 2442 Deinde
1385 2402 1483 2444 alibi
1503 2401 1614 2444 idem
1634 2401 1759 2445 Pater

394 2467 564 2525 repetit,
587 2467 732 2510 dicens
753 2481 762 2508 :
782 2484 797 2505 α
816 2466 895 2509 llic
915 2475 978 2510 est
995 2465 1106 2509 filius
1124 2482 1244 2511 meus
1262 2470 1457 2520 dilectus,
1477 2471 1519 2514 in
1536 2486 1622 2530 quo
1643 2485 1759 2515 com-

392 2557 409 2578 »
424 2537 564 2596 placui
584 2551 594 2579 ε
615 2537 753 2595 ipsum
787 2536 974 2586 audste‘,
997 2555 1013 2577 ι
1028 2537 1240 2582 dicentem
1271 2539 1419 2598 utique
1450 2542 1593 2585 audite
1611 2557 1623 2585 ε
1639 2542 1759 2600 «Ego

440 2646 452 2663 ¹
486 2650 497 2671 ι
523 2639 624 2672 Jonn.
641 2649 691 2681 n,
716 2639 751 2678 4.
779 2657 819 2664 -
842 2649 854 2679 ¹,
876 2640 958 2675 Psal.
975 2651 1133 2681 cunm,
1152 2641 1185 2677 8.
1208 2659 1250 2667 ·-
1269 2643 1283 2666 ³
1301 2643 1421 2678 Malth.
1443 2654 1494 2684 m,
1515 2655 1566 2689 ¹7·
1590 2660 1634 2672 -
1660 2646 1676 2674 4
1696 2637 1759 2678 'ld-

391 2703 461 2726 ινιι
479 2715 488 2733 ,
509 2694 539 2724 5.
